2456 3918
137 209 179 275 78
583 209 619 268 ll.
639 226 670 267 v.
682 223 725 267 vr.

636 375 675 438 V.

140 449 230 551 Quam
251 481 345 553 lepide
361 482 563 554 designateque
581 480 682 536 dixerit
703 475 860 534 Fauorinus
883 473 1091 546 philosophus,
1115 473 1185 545 quid

323 567 432 621 intersit
445 568 516 620 inter
531 566 654 622 Platonis
674 568 701 618 et
714 563 818 634 Lysiae
835 559 999 617 orationem.

108 693 122 742 1
199 675 423 736 Fauorinus
441 677 480 735 de
496 675 613 753 Lysia
632 675 840 735 etPlatone
863 672 973 734 solitus
991 669 1098 731 dicere
1117 676 1183 728 est:

140 757 189 819 ‘Si
206 775 245 820 ex
260 759 468 835 Platonis’,
486 759 595 835 inquit,
613 758 764 820 ‘oratione
779 757 909 817 uerbum
927 755 1055 832 aliquod
1072 755 1183 814 demas

139 849 281 904 mutesue
293 850 386 919 atque
398 844 429 904 id
441 842 722 904 commodatissime
739 841 843 915 iacias,
862 843 901 901 de
913 839 1067 917 elegantia
1077 845 1182 898 tamen

141 927 327 998 detraxeris;
344 928 370 989 si
384 946 424 990 ex
438 929 603 1007 Lysiae,
621 930 660 988 de
678 925 856 988 sententia'.

628 1097 680 1160 VI.

141 1199 247 1267 Quibus
269 1201 364 1256 uerbis
386 1201 525 1273 ignauiter
547 1207 575 1258 et
595 1203 702 1258 abiecte
723 1201 868 1273 Vergilius
890 1214 959 1254 usus
981 1211 1048 1250 esse
1071 1193 1186 1248 dicatur
1220 1203 1221 1268 q

243 1284 352 1356 etquid
369 1284 430 1354 his,
447 1287 494 1359 qui
513 1287 639 1360 improbe
657 1286 711 1357 [id]
728 1287 840 1354 dieunt,
857 1280 1076 1355 respondeatur.
1220 1281 1221 1350 l

110 1382 123 1432 1
202 1389 345 1452 Nonnulli
365 1393 601 1466 grammatici
620 1393 729 1454 aetatis
745 1390 932 1470 superioris,
954 1392 984 1452 in
1002 1388 1119 1466 quibus
1138 1397 1188 1452 est

143 1475 332 1536 Cornutus
349 1478 546 1552 Annaeum
570 1479 642 1538 haut
666 1494 742 1539 sane
763 1475 880 1556 indocti
896 1493 998 1553 neque
1015 1473 1185 1550 ignobiles,

142 1557 195 1633 qui
218 1561 489 1621 commentaria
508 1562 543 1623 in
563 1563 770 1639 Vergilium
793 1566 1052 1638 composuerunt,
1076 1575 1187 1634 repre-

140 1643 279 1786 hendrgnt
308 1644 396 1721 quasi
416 1645 571 1708 incuriose
593 1654 624 1708 et
647 1648 765 1709 abiecte
782 1647 911 1709 uerbum
926 1644 1065 1724 positum
1085 1643 1118 1702 in
1138 1642 1185 1703 his

140 1743 224 1789 uersi
246 1745 298 1789 us:

186 1828 352 1890 Candida
373 1831 611 1892 succinctam
632 1832 867 1894 latrantibus
893 1829 1052 1906 inguina
1077 1844 1188 1889 mon-

866 1913 960 1976 stris

182 1995 379 2058 Dulichias
395 2015 559 2060 uexasse
575 2007 679 2062 rates
699 2009 736 2062 et
752 1999 899 2077 gurgite
916 1998 952 2058 in
968 2000 1045 2060 alto

183 2081 226 2138 A!
243 2079 404 2142 timidos
422 2089 557 2144 nautas
577 2085 736 2148 canibus
753 2087 951 2146 lacerasse
970 2079 1143 2142 marinis.

112 2207 314 2270 2Vexasse
342 2211 421 2272 enim
454 2221 563 2289 putant
585 2216 714 2276 uerbum
746 2231 818 2276 esse
851 2215 921 2274 leue
952 2218 984 2273 et
1012 2211 1118 2273 tenuis
1150 2229 1189 2273 ac

142 2293 231 2368 parui
250 2293 451 2370 incommodi,
468 2315 526 2359 nec
543 2304 646 2360 tantae
662 2299 815 2362 atrocitati
831 2311 1020 2373 congruere,
1039 2311 1114 2357 eum
1131 2298 1190 2358 ho-

141 2376 238 2439 mines
253 2387 382 2456 repente
398 2397 417 2441 a
433 2382 525 2443 belua
539 2384 759 2446 immanissima
774 2383 853 2461 rapti
868 2381 1036 2456 laniatique
1053 2381 1128 2443 sint.

114 2491 131 2544 3
206 2494 280 2554 Item
296 2494 378 2556 aliud
394 2496 609 2561 huiuscemodi
625 2500 871 2576 reprehendunt:

623 2599 711 2674 Quis
729 2605 792 2659 out
808 2597 1030 2675 Eurysthea
1047 2599 1190 2664 durum

180 2679 256 2738 Aut
271 2678 460 2743 inlaudati
479 2683 807 2746 nescitBusiridis
824 2683 929 2742 aras?

140 2796 330 2858 Inlaudati
345 2816 455 2876 perum
475 2801 622 2862 idoneum
638 2802 767 2862 uerbum
791 2815 864 2862 esse
882 2798 1000 2872 dicunt,
1028 2816 1137 2876 neque
1155 2803 1190 2862 id

140 2879 214 2941 satis
243 2899 314 2943 esse
341 2884 381 2943 ad
408 2885 579 2946 taciendam
603 2884 744 2947 scelerati
769 2883 902 2946 hominis
929 2884 1187 2959 detestationem,

141 2964 207 3039 qui,
230 2968 314 3042 quod
335 2968 476 3045 hospites
500 2971 635 3031 omnium
657 2969 794 3046 gentium
808 2968 968 3030 immolare
984 2967 1097 3029 solitus
1117 2971 1187 3043 luit,

139 3065 201 3108 non
218 3051 309 3112 laude
326 3050 481 3129 indignus,
498 3056 555 3115 sed
571 3053 793 3116 detrectatione
809 3053 1071 3128 execrationeque
1083 3054 1186 3115 totins

139 3135 262 3208 generis
279 3136 404 3198 humani
420 3138 531 3214 dignus
548 3146 643 3202 esset.

107 3277 125 3328 4
198 3270 274 3328 ltem
290 3267 373 3328 aliud
387 3269 518 3328 uerbum
537 3269 754 3344 culpouerunt:
849 3335 850 3338 Ἴ

183 3383 252 3442 Per
288 3381 455 3442 tunicam
496 3384 738 3456 squalentem
784 3399 874 3443 auro
912 3383 1013 3441 latus
1052 3379 1191 3440 haurit

835 3473 1027 3543 apertum,
