2456 3918
493 213 528 274 ΙΙ.
551 229 585 275 ιι.
1023 215 1065 282 75

530 381 567 444 ll.

32 499 100 568 Quae
125 502 198 558 ratio
231 503 449 578 obseruatioque
476 505 633 564 officiorum
655 524 721 564 esse
750 508 852 566 debeat
878 511 950 566 inter
967 516 1062 583 patres

63 586 188 658 filiosque
214 587 243 642 iu
269 587 472 645 discumbendo
501 589 684 664 sedendoque
707 599 789 665 atque
816 592 845 648 id
865 609 956 666 genus
977 597 1063 652 rebus

64 671 136 726 dorni
151 673 293 744 lorisque,
314 673 338 728 si
353 671 402 728 frlii
418 675 599 747 magistratus
614 677 669 732 sint
682 683 709 732 et
722 683 817 750 patres
831 677 950 750 priuati;
967 695 1063 751 super-

65 771 113 826 que
129 771 164 810 ea
176 773 207 812 re
225 757 309 812 Tauri
324 755 488 832 philosophi
502 760 663 816 dissertatio
680 767 708 817 et
719 763 879 834 exemplum
894 778 931 818 ex
944 762 1063 819 historia

64 839 191 898 Romana
212 842 339 912 petitum.

81 969 131 1030 Ad
147 969 371 1046 philosophum
390 971 553 1033 Taurum
572 975 713 1036 Athenas
730 974 853 1036 uisendi
869 990 1091 1051 cognomen-1

29 1053 112 1130 dique
132 1054 199 1114 eius
214 1053 313 1128 gratia
327 1061 457 1116 uenerat
471 1057 509 1116 V.
523 1058 572 1130 0.,
598 1074 730 1135 praeses
754 1059 863 1121 Cretae
882 1057 1063 1136 prouinciae

29 1147 130 1198 etcum
149 1155 188 1199 eo
202 1137 291 1198 simul
306 1138 445 1199 eiusdem
463 1141 616 1216 praesidis
635 1149 734 1219 pater.
779 1143 945 1215 Taurus,
969 1149 1095 1210 secta-2

29 1224 136 1284 toribus
154 1223 353 1283 commodum
366 1223 517 1298 dimissis,
530 1227 660 1288 sedebat
670 1244 727 1303 pro
742 1226 873 1288 cubiculi
884 1227 933 1288 sui
945 1226 1062 1290 loribus

28 1315 54 1366 et
72 1325 138 1367 eum
158 1305 378 1368 assistentibus
398 1308 490 1370 nobis
513 1310 788 1387 sermocinabatur.
832 1309 973 1372 Introiuit
990 1323 1091 1388 pro-3

28 1392 138 1454 uinciae
152 1407 284 1467 praeses
297 1398 328 1452 et
339 1409 409 1454 eum
421 1409 459 1454 eo
474 1399 563 1470 pater
569 1414 577 1468 ;
595 1394 770 1457 assurrexit
783 1395 905 1472 placide
916 1397 1065 1459 Taurus
1078 1409 1094 1460 t

28 1483 53 1534 et
65 1483 136 1551 post
146 1482 285 1536 mutuam
300 1477 517 1539 salutationem
528 1479 654 1540 resedit.
692 1481 795 1541 Allata
816 1497 890 1542 mox
907 1497 968 1541 una
985 1481 1089 1546 sellas

29 1567 84 1633 est,
106 1560 228 1636 quaein
241 1568 387 1637 promptu
400 1570 480 1635 erat,
503 1569 613 1639 atque,
635 1564 707 1624 dum
729 1563 807 1625 aliae
830 1564 1061 1641 promebantur,

28 1645 161 1720 apposita
174 1652 234 1706 est.
263 1645 563 1708 lnuitauitTaurus
582 1654 702 1724 patrem
722 1648 890 1725 praesidis,
913 1648 957 1709 uti
973 1649 1061 1709 sede-

27 1735 76 1788 ret.
116 1733 223 1806 Atque
243 1729 294 1790 ille
319 1729 375 1791 ait:
397 1730 591 1792 ‘Sedeathic
602 1731 721 1808 potius
746 1731 799 1808 qui
811 1732 921 1810 populi
931 1734 1090 1800 Romanis

28 1813 216 1888 magistratus
237 1817 314 1874 est’.
359 1815 503 1893 ‘Absque
524 1815 750 1892 praeiudiciu',
781 1816 880 1893 inquit
900 1818 1092 1888 Taurus,7

28 1903 72 1956 ‘tu
82 1897 199 1959 interea
211 1898 371 1974 sededum,
393 1917 463 1960 cum
476 1900 683 1978 conspicimus
697 1900 946 1977 quaerimusque,
959 1907 1062 1961 utrum

28 1983 195 2056 conueniat,
216 1984 403 2060 tenepotius
417 1985 542 2058 sedere,
564 1985 616 2062 qui
637 1994 726 2063 pater
742 2001 792 2058 θα,
814 2003 853 2046 an
876 1983 988 2058 filium,
1010 1984 1060 2059 qui

28 2067 215 2142 magistratus
239 2071 317 2128 est'.
360 2069 413 2142 Et,
439 2085 510 2129 cnm
527 2077 618 2146 pater
634 2069 808 2133 assedisset
819 2067 1094 2146 appositumque8

29 2159 102 2212 esset
122 2153 209 2212 aliud
220 2151 283 2212 lilio
298 2169 424 2229 quoque
435 2153 502 2214 eius
522 2155 634 2227 sedile,
655 2153 752 2217 uerba
765 2171 860 2232 super
873 2171 910 2215 ea
921 2171 955 2214 re
967 2155 1061 2214 Tau-

29 2251 84 2296 rus
102 2237 176 2298 lacit
198 2253 268 2297 cum
291 2253 424 2310 summa,
446 2237 487 2298 dii
502 2238 591 2313 boni,
613 2239 765 2301 honorum
778 2247 871 2315 atque
886 2239 1061 2300 ollreiorum

29 2321 270 2397 perpensatione.

79 2408 195 2468 Torum
215 2406 384 2466 uerborum
402 2407 553 2468 sententia
578 2408 656 2469 haec
679 2408 747 2469 luit:
769 2410 802 2468 In
828 2405 958 2484 publicis
981 2405 1088 2476 lecisp

28 2495 106 2564 atque
117 2488 300 2551 muneribus
311 2495 406 2565 atque
421 2491 595 2552 actionibus
607 2498 728 2568 patrum
739 2492 806 2554 iura
824 2508 894 2552 cum
916 2491 1058 2562 filiorum,

29 2573 116 2646 quiin
140 2575 325 2650 magistratu
346 2582 431 2648 sunt,
455 2577 663 2652 potestatibus
686 2579 798 2639 collata
817 2575 1060 2652 interquiescere

28 2660 172 2730 paululum
196 2665 228 2720 et
251 2658 412 2732 conluere,
437 2660 494 2720 sed
519 2676 589 2721 cum
611 2668 699 2723 extra
720 2659 941 2736 rempublicam
959 2658 990 2718 in
1007 2657 1061 2719 do-

29 2743 191 2804 masticare
205 2750 300 2819 atque
311 2742 376 2804 uita
387 2745 547 2817 sedeatur,
571 2745 757 2819 ambuletur,
781 2744 812 2805 in
826 2741 970 2805 conuiuio
985 2758 1060 2816 quo-

29 2841 77 2898 que
96 2827 239 2888 familiari
261 2827 487 2901 discumbatur,
511 2836 576 2890 tum
594 2829 675 2892 inter
688 2830 784 2890 filiurn
801 2827 1016 2903 magistratum
1031 2832 1062 2885 et

28 2911 300 2990 panempriuatum
311 2912 453 2988 publicos
465 2913 603 2975 honores
616 2931 756 2987 cessare,
779 2913 936 2975 naturales
960 2917 992 2971 el
1010 2927 1061 2986 ge-

29 2993 127 3058 nuinos
140 2995 265 3058 exoriri.
312 2999 398 3057 ‘Hoc
409 2996 529 3073 igitur'‚
544 2998 657 3075 inquit,
685 2997 791 3074 ‘quod
802 2998 843 3060 ad
854 3013 903 3058 me
914 2994 1056 3067 uenistiS,
1071 3005 1104 3056 10

29 3081 102 3150 quod
122 3081 330 3156 colloquimur
352 3097 449 3155 nunc,
471 3084 555 3158 quod
573 3084 613 3143 de
630 3082 742 3144 olficiis
755 3081 982 3159 disceptamus,
1001 3079 1060 3155 pri-

27 3171 89 3223 uata
109 3165 191 3227 actio
209 3173 266 3227 est.
310 3167 418 3241 ltaque
436 3173 525 3228 utere
547 3168 631 3243 apud
648 3183 697 3228 me
714 3166 761 3228 his
779 3166 950 3229 honoribus
962 3162 1059 3240 prius,

30 3247 128 3318 quibus
145 3251 229 3312 domi
242 3265 369 3326 quoque
380 3257 546 3312 uestraete
564 3251 608 3312 uti
624 3251 760 3327 priorem
772 3252 893 3315 decet'.

78 3333 162 3394 llaec
178 3342 272 3410 atque
288 3334 347 3395 alia
363 3333 395 3395 in
411 3336 542 3395 eandem
558 3335 741 3396 sententiam
759 3337 903 3398 Taurus
926 3330 1102 3409 grauiterll

31 3419 108 3475 sunul
130 3424 165 3500 et
186 3419 314 3480 comiter
333 3417 490 3481 disseruit.
535 3418 613 3494 Quid
628 3426 731 3480 autem
744 3415 1104 3495 superhuiuscemodilu

33 3499 115 3567 ranis
137 3510 229 3579 atque
255 3503 309 3563 lilii
331 3501 434 3566 officio
454 3504 538 3580 apud
561 3502 756 3564 Claudium
779 3502 963 3577 legerimuS,
997 3517 1060 3561 non
