2490 3926
141 205 183 268 26
461 207 572 266 INDEX
599 205 866 264 CAPITVLORVIVI.

228 377 298 433 VIII.
338 379 503 447 Quaesitum
532 395 597 433 esse
622 377 854 448 dissensumque,
890 393 926 434 an
948 376 1108 448 praelectus
1135 375 1187 430 Le-

141 465 261 518 tinarum
285 479 374 519 causa
397 468 509 518 creatus
539 463 584 516 ius
613 467 729 518 senatus
759 461 936 518 conuocandi
965 459 1186 530 consulendique

139 545 254 602 habeat.

336 681 532 743 CAPITVLA
559 682 664 743 LIBRI
691 681 822 756 QVINTI
848 679 994 741 DECIMI.

222 800 244 854 l.
267 799 349 868 Quod
371 802 401 855 in
425 800 524 868 Quinti
537 798 646 856 Claudii
669 800 817 856 annalibus
836 799 971 868 scriptum
994 803 1050 864 est,
1081 796 1187 868 lignum

140 885 262 940 alumine
273 885 389 940 obhtum
402 901 459 940 non
472 884 583 940 ardere.

223 970 257 1024 ll.
281 968 363 1036 Quod
373 971 451 1025 Plato
464 970 492 1024 in
505 970 597 1037 libris,
622 985 692 1039 quos
711 968 747 1023 de
760 968 870 1040 legibus
889 966 1062 1036 composuit,
1084 966 1188 1036 largio-

138 1069 185 1109 res
197 1053 387 1124 laetioresque
399 1055 428 1109 in
442 1055 582 1109 conuiuiis
594 1053 823 1109 iuuitatiunculas
843 1051 901 1106 ulni
918 1066 974 1104 non
992 1049 1104 1104 inutiles
1122 1066 1187 1104 esse

140 1137 323 1194 existimauit.

224 1221 270 1277 Ill.
291 1222 365 1290 Quid
380 1223 418 1278 M.
438 1221 536 1279 Cicero
553 1222 590 1278 de
605 1223 745 1294 particula
763 1221 819 1276 ista
836 1221 957 1276 senserit
976 1219 1186 1288 scripseritque,
1227 1281 1228 1290 χ

140 1320 214 1375 quae
235 1309 400 1379 praeposita
423 1313 466 1362 est
487 1308 582 1364 uerbis
608 1307 723 1378 aulugio
750 1313 777 1362 et
800 1306 913 1373 aulcro;
941 1309 1026 1358 etan
1050 1304 1078 1356 in
1099 1304 1187 1356 uerbo

141 1395 254 1446 autumo
268 1392 369 1446 eadem
381 1393 470 1446 istaec
481 1392 656 1462 praepositio
669 1409 735 1447 csse
746 1389 837 1445 uideri
851 1389 963 1444 debeat.

224 1474 282 1529 llll.
313 1474 437 1530 Htstoria
459 1472 495 1529 de
516 1473 649 1530 Ventidio
675 1474 783 1542 Basso,
813 1473 929 1546 ignobili
941 1471 1080 1539 homine,
1103 1487 1186 1541 quem
1228 1485 1229 1488 ¹

139 1557 260 1627 primum
274 1557 310 1613 de
324 1559 434 1614 Parthis
447 1559 652 1630 triumphasse,
666 1559 821 1614 memoriae
836 1557 967 1615 traditum
980 1562 1032 1612 cst.

223 1642 259 1698 V.
285 1641 410 1698 Verbum
430 1641 552 1714 profligo
574 1659 591 1698 a
612 1644 757 1714 plerisque
780 1642 836 1699 dici
857 1642 1000 1712 inproprie
1019 1639 1187 1710 insciteque.
1229 1643 1230 1694 t

223 1726 272 1782 Vl.
293 1727 324 1781 ln
348 1727 418 1783 libro
444 1727 483 1782 M.
506 1725 649 1783 Ciceronis
672 1727 708 1782 de
734 1728 826 1800 gloria
853 1726 979 1783 seeundo
1007 1723 1186 1780 manifestum

140 1817 263 1866 erratum
290 1813 318 1866 in
345 1829 379 1867 ea
403 1818 501 1883 parte,
533 1812 562 1867 in
590 1828 645 1883 qua
673 1813 807 1868 scribtum
836 1819 880 1867 est
904 1826 989 1882 super
1015 1808 1136 1864 Hectore
1161 1817 1188 1863 et

137 1896 239 1952 Atace.

223 1981 282 2036 Vll.
306 1980 493 2037 Obseruatum
511 1997 576 2036 esse
595 1982 624 2036 in
643 1983 773 2048 senibus,
795 1979 872 2051 quod
890 1995 992 2034 annum
1009 1980 1068 2032 lere
1085 1979 1188 2032 aetatis

139 2065 250 2119 tertium
273 2073 300 2122 et
323 2066 554 2137 sexagensimum
576 2072 663 2138 agant
690 2071 738 2121 aut
763 2065 905 2121 laboribus
930 2070 977 2118 aut
1005 2064 1119 2118 interitu
1140 2069 1190 2116 aut

139 2146 223 2202 clade
244 2149 338 2220 alique
360 2148 538 2220 insignitum
568 2155 651 2220 atque
671 2151 738 2205 inibi
760 2166 845 2220 super
866 2147 967 2204 cadem
987 2147 1188 2204 obseruatione

140 2232 300 2302 exemplum
324 2230 484 2302 adpositum
499 2234 637 2302 epistulae
653 2233 711 2289 diui
729 2233 851 2305 Augusti
875 2232 912 2289 ad
928 2231 1028 2287 Gaium
1044 2231 1143 2286 lilium.

223 2316 296 2370 Vlll.
331 2316 423 2371 Locus
450 2332 486 2372 ex
511 2317 639 2372 oratione
665 2317 814 2386 Fauorini,
847 2318 952 2373 ueteris
984 2317 1117 2383 oratoris,
1151 2315 1188 2369 dc

139 2417 274 2459 cenarum
292 2407 376 2472 atque
392 2401 521 2455 luxurIae
538 2403 770 2472 obprobratione,
792 2418 847 2473 qua
859 2418 927 2456 usus
940 2406 997 2469 est,
1017 2415 1080 2455 cum
1093 2399 1188 2470 legem

138 2487 276 2542 biciniem
292 2484 327 2540 de
341 2491 453 2554 sumptu
463 2485 615 2540 minuendo
629 2488 728 2542 suasit.

222 2568 307 2624 Vllll.
330 2568 412 2637 Quod
431 2567 571 2625 Caecilius
588 2577 673 2642 poeta
690 2572 808 2625 frontem
825 2586 931 2642 genere
949 2570 1023 2625 uirili
1046 2584 1103 2622 non
1117 2584 1186 2639 poe-

138 2657 208 2722 tice,
229 2653 283 2708 sed
300 2653 540 2724 comprobatione
553 2659 656 2711 etcum
668 2656 801 2727 analogia
817 2654 979 2727 appellauit.

222 2737 258 2792 X.
289 2737 330 2793 De
360 2737 516 2793 uoluntario
546 2744 573 2792 ct
603 2738 770 2795 admirando
803 2739 915 2794 interitu
940 2739 1081 2809 uirginum
1106 2735 1188 2791 Mile·

139 2824 253 2880 siarum.

221 2906 270 2960 Xl.
291 2905 387 2961 Verba
404 2907 640 2962 senatusconsulti
662 2906 698 2962 de
719 2907 868 2980 exigendis
890 2909 959 2962 urbe
984 2905 1075 2961 Roma
1094 2904 1187 2976 philo-

139 2991 254 3063 sophis3
282 2991 349 3045 item
370 2991 457 3046 uerba
479 2988 564 3046 edicti
588 3008 753 3061 censorum,
781 3009 835 3064 quo
858 2991 996 3062 inprobati
1018 2996 1045 3044 et
1068 2990 1186 3044 coerciti

138 3081 216 3142 sunt,
237 3075 284 3146 qui
311 3073 490 3145 disciplinam
513 3073 685 3132 rhetoricam
705 3077 851 3132 instituere
875 3083 902 3130 et
923 3089 1058 3129 exercere
1078 3071 1186 3128 Romae

138 3166 301 3230 coeperant.
735 3219 739 3226 .

220 3242 279 3297 XII.
304 3243 395 3298 Locus
414 3243 591 3298 exoratione
608 3242 729 3298 Gracchi
748 3244 783 3299 de
801 3244 977 3316 parsimonia
999 3259 1032 3297 ac
1052 3241 1087 3296 de
1103 3241 1185 3312 pudi-

137 3327 205 3382 citia
217 3343 270 3382 sua
279 3327 542 3382 memoratissimus.

220 3411 292 3468 Xlll.
316 3410 357 3464 De
371 3409 466 3465 uerbis
481 3409 648 3480 inopinatis,
672 3428 744 3482 quae
756 3418 991 3484 utroqueuersum
1008 3411 1139 3466 dicuntur
1158 3413 1186 3462 et

138 3511 154 3548 a
166 3494 357 3566 grammaticis
373 3489 533 3549 communia
543 3501 689 3551 uocantur.
