2490 3926
127 202 170 266 40
615 200 638 258 l.
655 214 702 258 111.

130 379 281 450 quatum
305 375 363 430 est
383 366 496 441 enim,
523 374 711 444 quatenus
734 363 927 427 amicitiae
950 365 1065 426 uenia
1087 365 1179 426 dari

160 456 282 518 ossit’
731 474 737 486 ·
1172 514 1176 522 ,

128 476 149 536 p
194 543 288 602 ‘Cum
309 541 450 615 agetur’,
472 535 585 612 inquit,
609 542 680 597 ‘aut
700 542 793 612 caput
815 533 905 596 arrrici
927 541 980 596 aut
1000 537 1096 610 lama,
1121 537 1180 597 de-

130 627 305 689 clinandum
327 630 377 685 est
399 621 524 695 deuia,
550 628 585 681 ut
606 620 697 682 etiarn
719 620 855 697 iniquam
878 621 1068 682 uoluntatem
1090 621 1181 682 illius

87 712 332 774 liadiutemus’.
383 706 447 768 Sed
475 705 648 768 cuiusmodi
677 705 840 766 declinatio
873 721 945 768 esse
971 704 1032 766 ista
1059 706 1181 767 debeat

129 795 291 875 qualisque
309 793 349 853 ad
366 791 574 852 adiuuandum
592 790 744 868 digressio
768 789 847 850 etin
868 796 984 867 quanta
1002 791 1182 852 uoluntatis

88 879 216 944 isanrici
233 878 413 956 iniquitate,
434 893 497 938 non
516 874 599 937 dicit.
634 874 712 952 Quid
735 880 838 937 autem
856 876 951 936 relert
968 876 1049 937 scire
1067 871 1119 936 nie
1144 875 1180 936 in

129 963 281 1029 eiusmodi
292 961 438 1040 periculis
451 959 635 1035 arideorum,
654 959 681 1022 si
698 977 759 1022 non
772 975 885 1036 magna
895 976 945 1020 me
955 959 1117 1037 turpitudo
1130 959 1182 1020 in·

128 1057 274 1113 secutura
285 1054 349 1121 est,
374 1047 414 1108 de
431 1045 482 1107 uia
493 1063 565 1108 esse
577 1052 663 1107 recta
675 1044 906 1118 declinandum,
925 1044 985 1106 nisi
1000 1045 1032 1105 id
1045 1062 1183 1122 quoque
1232 1053 1233 1064 ¹

128 1153 178 1196 me
203 1132 359 1207 docuerit,
393 1147 486 1208 quarn
508 1137 597 1208 putet
619 1146 762 1206 magnam
784 1128 1019 1206 turpitudinem,
1048 1136 1079 1191 et
1102 1147 1182 1191 cum

130 1222 299 1282 decessero
313 1216 428 1289 deuia,
454 1232 620 1292 quousque
638 1213 767 1290 degredi
784 1214 936 1275 debeam?
968 1216 1043 1276 ‘Est
1059 1215 1181 1288 enim',
1233 1235 1234 1288 3

85 1316 119 1371 16
129 1303 247 1382 inquit,
287 1309 462 1379 ‘quatenus
500 1299 565 1361 dari
605 1299 756 1360 amicitiae
792 1297 883 1359 uenia
916 1300 1047 1376 possit'.
1103 1301 1182 1361 Hoc

127 1390 221 1450 immo
232 1387 335 1465 ipsum
354 1391 416 1458 est,
440 1384 525 1461 quod
541 1383 674 1445 maxime
692 1384 875 1445 discendnm
895 1391 944 1445 est
964 1384 1114 1461 quodque
1137 1386 1182 1445 ab
1234 1341 1235 1436 l

128 1474 190 1548 his,
210 1472 262 1548 qui
279 1473 427 1544 doceant,
441 1468 564 1530 minime
579 1469 705 1543 dieitur,
725 1475 876 1546 quatenns
897 1484 1021 1546 quaque
1038 1469 1093 1530 lini
1106 1469 1182 1530 dari

86 1556 278 1625 llamicitiae
289 1554 383 1617 uenia
395 1553 516 1614 debeat.
540 1553 645 1615 Chilo
658 1553 708 1614 ille
720 1552 856 1630 sapiens,
868 1553 907 1614 de
920 1571 981 1630 quo
995 1556 1088 1632 paulo
1101 1562 1183 1616 ante
1235 1545 1236 1626 l

129 1643 206 1716 dixi,
225 1637 433 1702 conseruandi
451 1637 540 1699 amici
557 1654 653 1698 eausa
664 1638 704 1698 de
719 1637 956 1700 uiadeclinauit
991 1639 1055 1700 Sed
1065 1638 1181 1713 uideo,

129 1742 294 1804 quousque
305 1739 494 1802 progressus
512 1722 566 1784 sit:
586 1724 698 1785 falsum
716 1722 797 1784 enim
809 1739 867 1798 pro
883 1723 972 1784 amici
984 1725 1084 1786 salute
1100 1740 1182 1785 con·
1236 1750 1237 1806 p

87 1824 119 1882 18
128 1807 229 1875 siliuin
242 1809 336 1871 dedit.
381 1808 536 1885 idipsum
552 1815 654 1868 tamen
666 1806 697 1868 in
709 1807 771 1868 fine
790 1824 917 1884 quoque
933 1808 1029 1882 uitae,
1048 1825 1088 1869 an
1105 1809 1184 1870 iura
1236 1811 1237 1840 l

127 1903 238 1976 posset
249 1893 434 1973 reprehendi
451 1892 632 1969 culparique
649 1891 808 1954 dubitauit.

191 1979 493 2056 ‘contrapatriarnz
516 1977 777 2056 inquitCicero‚
801 1983 905 2038 ‘arma
920 1995 978 2054 pro
997 1976 1097 2040 arnico
1124 1997 1183 2042 su·
1237 1954 1238 2038 l

86 2066 240 2135 lenienda
252 2083 314 2126 non
326 2067 429 2126 sunt’.
471 2064 540 2124 Hoc
552 2065 694 2140 proiecto
710 2079 801 2124 nemo
815 2061 983 2139 ignorauit,
1009 2069 1041 2124 et
1052 2068 1061 2098 ‘
1070 2062 1183 2139 prius-

128 2167 219 2227 quam
232 2148 461 2224 Theognis’,
481 2148 566 2223 quod
582 2147 757 2209 Lucilius
776 2146 831 2221 ait,
845 2153 1074 2210 incesseretur&
1119 2148 1184 2210 Set

126 2235 158 2294 id
178 2249 310 2310 quaero,
334 2231 366 2292 id
383 2231 545 2293 desidero:
565 2247 709 2309 cumpro
728 2232 826 2293 amico
846 2241 955 2294 contra
973 2232 1037 2307 lua,
1060 2241 1184 2295 contra

129 2335 221 2395 quarn
232 2317 317 2390 licet,
336 2318 423 2378 salua
438 2323 540 2376 tamen
557 2315 697 2378 libertate
715 2324 808 2394 atque
824 2334 916 2394 pace,
935 2317 1111 2380 iaciendum
1127 2329 1184 2382 est

127 2411 159 2465 et
171 2420 240 2465 cum
252 2402 292 2462 de
304 2400 369 2475 uia,
389 2400 546 2477 sicutipse
559 2401 615 2475 ait,
635 2401 852 2464 declinandum
864 2408 927 2476 est,
941 2403 1015 2480 quid
1028 2410 1059 2464 et
1076 2421 1182 2479 quan-

86 2494 192 2556 aotum
211 2493 242 2547 et
258 2486 288 2546 in
302 2485 385 2561 quali
396 2501 492 2547 causa
502 2492 533 2546 et
546 2503 681 2562 quonam
691 2503 794 2563 usque
804 2487 837 2548 id
848 2487 916 2549 fieri
934 2488 1055 2550 debeat.
1090 2489 1182 2550 Peri-

128 2574 191 2634 cles
209 2571 259 2632 ille
270 2569 485 2644 Atheniensis,
504 2570 552 2631 uir
569 2571 693 2648 egregio
711 2571 834 2648 ingenio
852 2571 1007 2649 bonisque
1025 2573 1183 2638 omnibus

128 2655 296 2733 disciplinis
309 2663 452 2730 ornatus,
470 2656 575 2717 inune
588 2655 712 2733 quidem
724 2656 845 2733 specie,
864 2665 912 2719 set
922 2657 1044 2734 planius
1055 2665 1181 2736 tamen,

128 2741 202 2818 quid
215 2739 418 2815 existimaret,
436 2743 600 2818 professus
614 2749 672 2802 est.
698 2742 773 2804 Nam
785 2758 855 2803 eum
868 2742 986 2804 amicus
998 2758 1069 2804 eum
1081 2761 1182 2822 roga-

125 2834 189 2900 ret,
199 2833 234 2887 ut
243 2842 300 2903 pro
313 2843 347 2887 re
360 2841 518 2903 causaque
529 2825 596 2888 eius
608 2828 719 2888 ialsum
731 2824 895 2900 deieraret,
906 2826 955 2888 his
967 2828 1007 2888 ad
1019 2844 1091 2890 eum
1102 2847 1183 2890 uer-

126 2911 174 2973 bis
187 2928 264 2972 usus
278 2917 340 2972 est:
366 2913 445 2972 ‘Aet
453 2903 515 2990 μὲν
526 2905 754 2991 συμπράττειν
765 2919 834 2986 τοῖς
846 2910 966 2994 φίλοις,
979 2901 1063 2975 ἀλλὰ
1075 2910 1182 2997 μέχρι

125 2995 195 3058 τῶν
207 2993 323 3056 θεῶν’.

83 3092 117 3146 21
187 3079 1181 3160 Theophrastusautemine·o,qn0dixi,libroinquisi-

126 3167 188 3228 tius
208 3164 333 3243 quidem
353 3165 642 3242 superlracipsare
654 3173 684 3227 et
696 3165 835 3228 exactius
853 3168 1058 3245 pressiusque
1077 3187 1180 3246 quarn

82 3261 117 3314 aa
126 3250 262 3312 Cicero
275 3248 409 3310 disserit.
422 3249 510 3310 Setis
523 3267 649 3327 quoque
659 3249 690 3310 in
699 3251 843 3313 docendo
856 3269 918 3314 non
926 3254 965 3314 de
977 3269 1180 3332 unoquoque

125 3336 207 3396 iacto
225 3332 399 3410 singillatim
420 3333 575 3394 existimat
598 3351 700 3411 neque
721 3334 813 3398 certis
837 3339 1051 3415 exemplorum
1073 3339 1178 3402 docu-

124 3418 251 3493 mentis,
271 3424 321 3478 set
337 3417 503 3492 generibus
516 3435 619 3480 rerum
632 3420 807 3482 summatim
824 3420 1057 3498 uniuersimque
1073 3423 1179 3489 utitur

123 3505 163 3565 ad
176 3504 259 3566 hunc
272 3503 368 3562 ierme
380 3503 521 3563 modurn:
