2456 3918
466 260 489 319 l.
502 275 594 320 xxm.

474 427 581 488 XXIII.

41 551 93 618 Quis
111 550 184 607 tuerit
201 553 329 624 PapIrius
348 553 555 621 Praetextatus,
574 567 646 623 quae
667 551 748 608 istius
768 568 856 608 eausa
874 554 1053 625 cognomenti

71 636 112 704 sit,
136 635 306 708 historiaque
330 637 386 692 ista
406 637 497 692 omnis
522 652 608 706 super
630 635 730 692 eodem
748 637 860 708 Papirio
878 639 992 711 cognitu
1012 639 1053 694 iu·

69 719 157 774 eunde.

84 849 209 913 Historia
227 851 267 910 de
283 849 405 926 Papirio
418 850 614 911 Praetextato
634 849 716 910 dicta
733 849 911 927 scriptaque
924 857 972 912 est
983 869 1002 911 a
1013 853 1077 912 Μ.1

38 935 207 995 Catonein
231 934 429 1008 oratione,
454 950 604 1010 quausus
617 941 665 995 est
684 935 729 994 ad
747 935 895 998 milites
913 944 1055 998 eontra

38 1020 180 1094 Galbam,
205 1037 277 1080 eum
302 1021 399 1079 multa
418 1019 542 1095 quidem
563 1025 728 1079 uenustete
752 1026 845 1096 etque
870 1023 1053 1097 luceatque

36 1103 350 1166 nundidauerborum.
385 1105 429 1164 Ea
442 1103 599 1164 Catonis
620 1103 717 1164 uerba
739 1103 810 1166 huie
826 1122 958 1180 prorsus
972 1112 1076 1166 conr-t

37 1189 157 1250 neoterio
176 1189 378 1264 indidissem,
399 1188 427 1249 si
443 1187 511 1248 libri
529 1188 620 1266 eopia
638 1187 790 1250 inissetid
801 1188 963 1265 temporis,
984 1207 1052 1250 oum

37 1271 92 1332 haee
107 1273 224 1337 dictaui.
263 1274 353 1350 Quod
372 1273 400 1334 si
417 1289 479 1334 non
491 1272 622 1334 uirtutes
635 1272 863 1350 dignitatesque
875 1274 1077 1346 uerborum,3

36 1358 76 1416 sed
87 1375 143 1418 reru
153 1359 257 1436 ipsam
269 1359 349 1419 seire
363 1357 502 1433 quaeris,
520 1373 571 1417 res
591 1359 686 1417 terme
705 1358 744 1416 ad
755 1359 837 1418 hune
850 1360 976 1419 modum
989 1367 1052 1420 est:

34 1441 85 1502 llos
97 1449 179 1504 antea
191 1442 392 1505 senatoribus
404 1443 521 1504 Romae
538 1442 609 1514 luit,
629 1441 788 1502 incuriam
801 1447 1078 1520 cumpraetexta-4

33 1523 60 1584 tls
76 1527 135 1589 tiliis
152 1527 294 1589 introire.
328 1529 420 1599 Tum,
441 1543 510 1587 eum
531 1525 561 1585 in
582 1531 693 1587 senatu
709 1543 761 1587 res
776 1527 874 1590 mator
891 1527 1078 1605 quaepiam5

35 1615 181 1674 consultata
202 1628 305 1689 eaque
322 1611 353 1671 in
372 1611 453 1671 diem
472 1618 633 1688 posterum
651 1611 773 1688 prolata
795 1619 843 1674 est
864 1612 1052 1691 placuitque,

34 1703 56 1753 ot
74 1713 131 1758 eam
153 1715 239 1771 rem,
264 1711 446 1773 superque
467 1695 700 1769 tractauissent‚
725 1713 765 1756 ne
789 1697 858 1773 quis
881 1696 1055 1758 enuntiaret
1113 1753 1118 1762 .

34 1779 186 1858 priusquam
209 1785 339 1842 decreta
357 1787 454 1854 esset,
478 1788 576 1841 mater
592 1780 703 1858 Papirii
718 1781 823 1858 pueri,
849 1782 900 1857 qui
920 1799 990 1843 eum
1001 1799 1053 1858 pa-

33 1872 98 1925 rente
112 1884 167 1929 suo
180 1868 213 1928 in
233 1865 320 1927 euria
335 1867 449 1938 suerat,
467 1871 652 1942 percontata
669 1871 717 1926 est
733 1865 844 1935 litium,
865 1866 1011 1941 quidnam
1022 1866 1051 1925 in

33 1957 118 2011 senatu
127 1959 237 2029 patres
251 1950 399 2026 egissent.
434 1950 516 2010 Puer
526 1950 705 2027 respondit,
728 1952 896 2010 tacendum
914 1967 986 2012 esse
1002 1956 1078 2010 ne-(t

34 2034 302 2106 queiddieilieere.
334 2033 444 2094 Mulier
461 2035 496 2095 fit
507 2033 652 2095 audiendi
664 2033 821 2112 eupid10r3
842 2042 997 2095 secretum
1009 2033 1078 2095 reit

32 2125 53 2174 et
68 2119 211 2182 silentium
232 2119 322 2196 pueri
339 2119 474 2179 animum
493 2119 558 2180 eius
578 2118 852 2196 adinquirendum
872 2120 1051 2182 euerberat:

33 2205 126 2274 quaerit
135 2205 233 2282 igitur
244 2203 459 2280 compressius
472 2202 711 2280 uiolentiusque.
745 2205 821 2265 Tum
838 2222 932 2282 puer,
954 2208 1076 2264 matred

30 2296 143 2364 urgente,
157 2289 257 2368 lepidi
269 2295 362 2364 atque
374 2287 477 2349 sestiui
488 2289 639 2350 mendacii
652 2288 813 2350 eonsilium
827 2289 917 2366 eupit.
939 2293 1053 2350 Actum

31 2367 50 2428 iu
61 2382 157 2436 senatu
169 2374 267 2449 dixit,
280 2380 384 2434 utrum
395 2372 554 2434 uideretur
567 2373 672 2436 utilius
686 2391 788 2450 exque
799 2373 957 2451 republlea
970 2391 1051 2446 esse,

30 2469 125 2520 unusne
139 2467 174 2521 ut
186 2461 268 2520 dues
284 2474 402 2519 uxores
414 2458 558 2532 haberet,
581 2475 620 2519 an
639 2465 674 2520 ut
689 2475 752 2520 una
769 2461 852 2536 apud
864 2460 944 2519 duos
957 2465 1053 2534 nupta

30 2550 101 2602 esset.
123 2545 191 2607 Hoo
204 2544 259 2604 illa
272 2543 325 2605 ubi
337 2541 470 2616 audiuit,
486 2542 606 2604 animus
619 2542 846 2620 eompaueseit,
862 2545 954 2604 domo
967 2549 1095 2605 tra-tle

29 2623 116 2696 pidans
128 2629 290 2705 egreditur
300 2628 339 2687 ad
352 2634 472 2688 ceteras
490 2635 658 2690 matronas.
688 2627 833 2690 Peruenit
851 2629 889 2688 ad
910 2633 1052 2688 senatum

29 2712 152 2780 postridie
165 2711 444 2774 matrumfamilias
465 2719 601 2773 caterua.
634 2712 844 2774 Lacrimantes
856 2719 948 2787 atque
961 2711 1052 2772 obse-

30 2803 126 2858 crantes
141 2804 244 2872 orant,
258 2814 321 2858 una
333 2795 437 2874 potius
449 2803 483 2857 ut
495 2798 618 2858 duobus
630 2803 728 2874 nupta
739 2797 837 2870 lieret,
852 2813 943 2872 quam
953 2803 988 2856 ut
998 2793 1053 2854 uni

30 2875 97 2940 duae.
126 2882 300 2943 Senatores
318 2880 529 2957 ingredientes
541 2882 572 2943 in
586 2882 716 2956 auriam,
736 2881 878 2958 quaeilla
890 2879 1050 2941 mulierum
1061 2891 1092 2942 11

30 2959 205 3042 intenperIes
220 2973 251 3027 et
271 2966 343 3044 quid
357 2965 414 3027 sibi
425 2966 593 3043 postulatio
610 2967 708 3028 Istaec
719 2967 830 3039 uellet,
851 2964 1050 3027 mirabantur.

29 3043 88 3108 Puer
103 3051 245 3129 Papirius
256 3050 433 3112 inmedium
446 3051 549 3111 euriae
566 3068 773 3130 progressus,
793 3049 866 3128 quid
886 3057 984 3113 mater
1002 3059 1093 3111 eru-12

30 3129 79 3192 dire
93 3135 273 3211 Institisset,
297 3136 371 3214 quid
384 3135 453 3213 ipse
472 3135 727 3210 matridixisset,
750 3151 826 3210 rem,
851 3133 1050 3207 sieuttuerat,

29 3211 159 3283 denarrat.
189 3221 325 3284 Senatus
340 3221 433 3282 fidem
451 3227 545 3297 atque
563 3213 720 3298 ingenium
737 3220 826 3297 pueri
844 3223 1051 3289 exosculatur,
1061 3226 1094 3279 13

28 3307 182 3391 ¹consultum
195 3307 281 3382 lacit,
300 3307 346 3368 uti
363 3305 496 3382 posthae
507 3306 596 3382 pueri
608 3323 677 3367 eum
689 3305 828 3382 patribus
840 3304 871 3365 in
884 3305 999 3366 auriam
1011 3319 1050 3361 ne

28 3391 173 3465 introeant,
187 3399 312 3468 praeter
322 3393 372 3452 ille
384 3408 465 3451 unus
477 3391 637 3466 Papirius3
659 3398 752 3466 atque
763 3406 862 3468 puero
875 3395 988 3466 postea
1000 3405 1050 3448 eo·

28 3482 209 3538 trementum
220 3477 350 3539 honoris
362 3474 459 3552 gratia
469 3475 598 3536 inditum
611 3477 860 3535 ‘Praetextatus’
874 3474 914 3535 ob
927 3470 1050 3534 tacendi

29 3547 219 3633 loquendique
230 3559 260 3620 in
271 3567 372 3622 aetate
383 3565 565 3636 praetextae
576 3557 780 3637 prudentiam.
