<?xml version="1.0" encoding="UTF-8"?>
<!DOCTYPE html PUBLIC "-//W3C//DTD XHTML 1.0 Transitional//EN"
    "http://www.w3.org/TR/xhtml1/DTD/xhtml1-transitional.dtd">
<html xmlns="http://www.w3.org/1999/xhtml" xml:lang="en" lang="en">
 <head>
  <title>
</title>
<meta http-equiv="Content-Type" content="text/html;charset=utf-8" />
  <meta name='ocr-system' content='tesseract 3.04.00' />
  <meta name='ocr-capabilities' content='ocr_page ocr_carea ocr_par ocr_line ocrx_word'/>
</head>
<body>
  <div class='ocr_page' id='page_1' title='image "agelliinoctivma03gellgoog_0072.png"; bbox 0 0 2490 3926; ppageno 0'>
   <div class='ocr_carea' id='block_1_1' title="bbox 450 204 1074 272">
    <p class='ocr_par' dir='ltr' id='par_1_1' title="bbox 450 204 1074 272">
     <span class='ocr_line' id='line_1_1' title="bbox 450 204 1074 272; baseline 0.003 -12"><span class='ocrx_word' id='word_1_1' title='bbox 450 204 472 262; x_wconf 92' lang='lat' dir='ltr'>l.</span> <span class='ocrx_word' id='word_1_2' title='bbox 488 219 557 264; x_wconf 86' lang='lat' dir='ltr'>vur.</span> <span class='ocrx_word' id='word_1_3' title='bbox 574 219 655 264; x_wconf 90' lang='lat' dir='ltr'>vnu.</span> <span class='ocrx_word' id='word_1_4' title='bbox 1032 206 1074 272; x_wconf 84' lang='lat'>49</span> 
     </span>
    </p>
   </div>
   <div class='ocr_carea' id='block_1_2' title="bbox 26 364 1100 2020">
    <p class='ocr_par' dir='ltr' id='par_1_2' title="bbox 41 364 1100 537">
     <span class='ocr_line' id='line_1_2' title="bbox 41 364 1100 453; baseline 0.008 -20"><span class='ocrx_word' id='word_1_5' title='bbox 41 371 234 448; x_wconf 89' lang='lat' dir='ltr'>suiteumque</span> <span class='ocrx_word' id='word_1_6' title='bbox 254 370 415 448; x_wconf 82' lang='lat' dir='ltr'>inscripsit</span> <span class='ocrx_word' id='word_1_7' title='bbox 437 367 558 450; x_wconf 78' lang='grc' dir='ltr'><strong><em>κέρας</em></strong></span> <span class='ocrx_word' id='word_1_8' title='bbox 578 364 835 453; x_wconf 75' lang='grc' dir='ltr'><strong><em>Ἀμαλθείας.</em></strong></span> <span class='ocrx_word' id='word_1_9' title='bbox 872 377 918 438; x_wconf 82' lang='lat' dir='ltr'>Ea</span> <span class='ocrx_word' id='word_1_10' title='bbox 936 394 998 440; x_wconf 86' lang='lat' dir='ltr'>uox</span> <span class='ocrx_word' id='word_1_11' title='bbox 1014 375 1100 441; x_wconf 63' lang='lat' dir='ltr'>hocs</span> 
     </span>
     <span class='ocr_line' id='line_1_3' title="bbox 41 455 865 537; baseline 0.006 -21"><span class='ocrx_word' id='word_1_12' title='bbox 41 461 123 518; x_wconf 84' lang='lat' dir='ltr'>ferme</span> <span class='ocrx_word' id='word_1_13' title='bbox 134 459 231 530; x_wconf 86' lang='lat' dir='ltr'>ualet,</span> <span class='ocrx_word' id='word_1_14' title='bbox 250 463 409 534; x_wconf 83' lang='lat' dir='ltr'><strong>tamquam</strong></span> <span class='ocrx_word' id='word_1_15' title='bbox 422 455 449 518; x_wconf 90' lang='lat' dir='ltr'>si</span> <span class='ocrx_word' id='word_1_16' title='bbox 461 456 545 519; x_wconf 67' lang='lat' dir='ltr'>dicim</span> <span class='ocrx_word' id='word_1_17' title='bbox 565 461 713 522; x_wconf 78' lang='lat' dir='ltr'>‘cornum</span> <span class='ocrx_word' id='word_1_18' title='bbox 726 460 865 537; x_wconf 89' lang='lat' dir='ltr'>copiue’.</span> 
     </span>
    </p>

    <p class='ocr_par' dir='ltr' id='par_1_3' title="bbox 26 542 1099 2020">
     <span class='ocr_line' id='line_1_4' title="bbox 92 542 1098 620; baseline 0.006 -16"><span class='ocrx_word' id='word_1_19' title='bbox 92 546 123 604; x_wconf 93' lang='lat' dir='ltr'>ln</span> <span class='ocrx_word' id='word_1_20' title='bbox 136 559 172 604; x_wconf 91' lang='lat' dir='ltr'>eo</span> <span class='ocrx_word' id='word_1_21' title='bbox 189 542 270 602; x_wconf 92' lang='lat' dir='ltr'>libro</span> <span class='ocrx_word' id='word_1_22' title='bbox 292 559 389 620; x_wconf 88' lang='lat' dir='ltr'>super</span> <span class='ocrx_word' id='word_1_23' title='bbox 404 543 515 605; x_wconf 87' lang='lat' dir='ltr'>Demo</span> <span class='ocrx_word' id='word_1_24' title='bbox 526 546 661 606; x_wconf 90' lang='lat' dir='ltr'>sthene</span> <span class='ocrx_word' id='word_1_25' title='bbox 680 546 806 607; x_wconf 84' lang='lat' dir='ltr'><strong>rhetore</strong></span> <span class='ocrx_word' id='word_1_26' title='bbox 820 552 851 606; x_wconf 89' lang='lat' dir='ltr'>et</span> <span class='ocrx_word' id='word_1_27' title='bbox 861 546 955 606; x_wconf 89' lang='lat' dir='ltr'>Laide</span> <span class='ocrx_word' id='word_1_28' title='bbox 975 555 1098 610; x_wconf 80' lang='lat' dir='ltr'>merc-3</span> 
     </span>
     <span class='ocr_line' id='line_1_5' title="bbox 37 627 1074 706; baseline 0.003 -18"><span class='ocrx_word' id='word_1_29' title='bbox 37 629 103 688; x_wconf 89' lang='lat' dir='ltr'>hice</span> <span class='ocrx_word' id='word_1_30' title='bbox 110 627 239 689; x_wconf 89' lang='lat' dir='ltr'>historia</span> <span class='ocrx_word' id='word_1_31' title='bbox 250 627 328 688; x_wconf 85' lang='lat' dir='ltr'>haec</span> <span class='ocrx_word' id='word_1_32' title='bbox 340 627 455 705; x_wconf 85' lang='lat' dir='ltr'>scripta</span> <span class='ocrx_word' id='word_1_33' title='bbox 467 636 530 690; x_wconf 87' lang='lat' dir='ltr'>cst:</span> <span class='ocrx_word' id='word_1_34' title='bbox 545 630 651 704; x_wconf 68' lang='lat' dir='ltr'>‘Lais’,</span> <span class='ocrx_word' id='word_1_35' title='bbox 663 629 770 706; x_wconf 90' lang='lat' dir='ltr'>inquit,</span> <span class='ocrx_word' id='word_1_36' title='bbox 785 628 1003 692; x_wconf 75' lang='lat' dir='ltr'>‘CorinthIaob</span> <span class='ocrx_word' id='word_1_37' title='bbox 1015 634 1074 691; x_wconf 92' lang='lat' dir='ltr'>ele-</span> 
     </span>
     <span class='ocr_line' id='line_1_6' title="bbox 35 714 1075 792; baseline 0.001 -19"><span class='ocrx_word' id='word_1_38' title='bbox 35 714 158 789; x_wconf 77' lang='lat' dir='ltr'>gantiam</span> <span class='ocrx_word' id='word_1_39' title='bbox 168 719 432 790; x_wconf 87' lang='lat' dir='ltr'>uenustatcmquc</span> <span class='ocrx_word' id='word_1_40' title='bbox 451 714 569 776; x_wconf 82' lang='lat' dir='ltr'>formae</span> <span class='ocrx_word' id='word_1_41' title='bbox 587 716 737 792; x_wconf 81' lang='lat' dir='ltr'>grandem</span> <span class='ocrx_word' id='word_1_42' title='bbox 755 715 921 792; x_wconf 87' lang='lat' dir='ltr'>pecuniam</span> <span class='ocrx_word' id='word_1_43' title='bbox 937 715 1075 775; x_wconf 90' lang='lat' dir='ltr'>demere-</span> 
     </span>
     <span class='ocr_line' id='line_1_7' title="bbox 34 798 1075 874; baseline 0 -15"><span class='ocrx_word' id='word_1_44' title='bbox 34 800 80 860; x_wconf 88' lang='lat' dir='ltr'>bat</span> <span class='ocrx_word' id='word_1_45' title='bbox 90 804 331 874; x_wconf 88' lang='lat' dir='ltr'>conuentusque</span> <span class='ocrx_word' id='word_1_46' title='bbox 344 799 383 859; x_wconf 92' lang='lat' dir='ltr'>ad</span> <span class='ocrx_word' id='word_1_47' title='bbox 396 815 464 860; x_wconf 76' lang='lat' dir='ltr'>earn</span> <span class='ocrx_word' id='word_1_48' title='bbox 476 798 620 861; x_wconf 86' lang='lat' dir='ltr'>ditiorum</span> <span class='ocrx_word' id='word_1_49' title='bbox 633 800 791 862; x_wconf 91' lang='lat' dir='ltr'>hominum</span> <span class='ocrx_word' id='word_1_50' title='bbox 803 817 843 861; x_wconf 88' lang='lat' dir='ltr'>ex</span> <span class='ocrx_word' id='word_1_51' title='bbox 856 799 939 862; x_wconf 92' lang='lat' dir='ltr'>omni</span> <span class='ocrx_word' id='word_1_52' title='bbox 947 798 1075 860; x_wconf 86' lang='lat' dir='ltr'>Graecia</span> 
     </span>
     <span class='ocr_line' id='line_1_8' title="bbox 34 883 1074 962; baseline 0.002 -18"><span class='ocrx_word' id='word_1_53' title='bbox 34 885 164 946; x_wconf 80' lang='lat' dir='ltr'>celebres</span> <span class='ocrx_word' id='word_1_54' title='bbox 176 889 281 955; x_wconf 86' lang='lat' dir='ltr'>erant,</span> <span class='ocrx_word' id='word_1_55' title='bbox 295 900 398 960; x_wconf 89' lang='lat' dir='ltr'>neque</span> <span class='ocrx_word' id='word_1_56' title='bbox 409 883 642 958; x_wconf 81' lang='lat' dir='ltr'>admittebatur,</span> <span class='ocrx_word' id='word_1_57' title='bbox 655 883 715 946; x_wconf 90' lang='lat' dir='ltr'>nisi</span> <span class='ocrx_word' id='word_1_58' title='bbox 727 885 779 962; x_wconf 89' lang='lat' dir='ltr'>qui</span> <span class='ocrx_word' id='word_1_59' title='bbox 792 885 902 958; x_wconf 88' lang='lat' dir='ltr'>dabat,</span> <span class='ocrx_word' id='word_1_60' title='bbox 922 884 1008 961; x_wconf 91' lang='lat' dir='ltr'>quod</span> <span class='ocrx_word' id='word_1_61' title='bbox 1018 900 1074 961; x_wconf 90' lang='lat' dir='ltr'>po·</span> 
     </span>
     <span class='ocr_line' id='line_1_9' title="bbox 31 968 1099 1046; baseline -0.004 -14"><span class='ocrx_word' id='word_1_62' title='bbox 31 975 186 1046; x_wconf 83' lang='lat' dir='ltr'>posceret:</span> <span class='ocrx_word' id='word_1_63' title='bbox 199 969 354 1044; x_wconf 88' lang='lat' dir='ltr'>poscebat</span> <span class='ocrx_word' id='word_1_64' title='bbox 364 974 467 1029; x_wconf 89' lang='lat' dir='ltr'>autem</span> <span class='ocrx_word' id='word_1_65' title='bbox 479 969 530 1029; x_wconf 91' lang='lat' dir='ltr'>illa</span> <span class='ocrx_word' id='word_1_66' title='bbox 540 969 665 1032; x_wconf 90' lang='lat' dir='ltr'>nimium</span> <span class='ocrx_word' id='word_1_67' title='bbox 678 975 855 1046; x_wconf 88' lang='lat' dir='ltr'>quantum’.</span> <span class='ocrx_word' id='word_1_68' title='bbox 878 969 957 1033; x_wconf 87' lang='lat' dir='ltr'>Hinc</span> <span class='ocrx_word' id='word_1_69' title='bbox 969 968 1010 1030; x_wconf 86' lang='lat' dir='ltr'>uit</span> <span class='ocrx_word' id='word_1_70' title='bbox 1022 973 1099 1030; x_wconf 66' lang='lat' dir='ltr'>nar</span> 
     </span>
     <span class='ocr_line' id='line_1_10' title="bbox 32 1053 845 1131; baseline 0.001 -17"><span class='ocrx_word' id='word_1_71' title='bbox 32 1064 87 1116; x_wconf 86' lang='lat' dir='ltr'>tum</span> <span class='ocrx_word' id='word_1_72' title='bbox 99 1071 171 1116; x_wconf 85' lang='lat' dir='ltr'>esse</span> <span class='ocrx_word' id='word_1_73' title='bbox 182 1053 262 1114; x_wconf 92' lang='lat' dir='ltr'>illud</span> <span class='ocrx_word' id='word_1_74' title='bbox 276 1055 423 1129; x_wconf 80' lang='lat' dir='ltr'>frequens</span> <span class='ocrx_word' id='word_1_75' title='bbox 437 1055 521 1130; x_wconf 90' lang='lat' dir='ltr'>apud</span> <span class='ocrx_word' id='word_1_76' title='bbox 535 1056 673 1118; x_wconf 88' lang='lat' dir='ltr'>Graecos</span> <span class='ocrx_word' id='word_1_77' title='bbox 686 1055 845 1131; x_wconf 81' lang='lat' dir='ltr'>adagium:</span> 
     </span>
     <span class='ocr_line' id='line_1_11' title="bbox 32 1144 1072 1240; baseline -0.001 -23"><span class='ocrx_word' id='word_1_78' title='bbox 32 1148 83 1240; x_wconf 77' lang='lat' dir='ltr'>od</span> <span class='ocrx_word' id='word_1_79' title='bbox 105 1147 266 1226; x_wconf 81' lang='grc' dir='ltr'><strong><em>παντὸς</em></strong></span> <span class='ocrx_word' id='word_1_80' title='bbox 290 1144 445 1232; x_wconf 78' lang='grc' dir='ltr'><em>ἀνδρὸς</em></span> <span class='ocrx_word' id='word_1_81' title='bbox 467 1150 506 1228; x_wconf 78' lang='grc' dir='ltr'>ἐς</span> <span class='ocrx_word' id='word_1_82' title='bbox 523 1151 741 1234; x_wconf 72' lang='grc' dir='ltr'><em>Κόρινθον</em></span> <span class='ocrx_word' id='word_1_83' title='bbox 765 1144 855 1216; x_wconf 77' lang='grc' dir='ltr'><strong><em>ἔσθ’</em></strong></span> <span class='ocrx_word' id='word_1_84' title='bbox 879 1145 897 1215; x_wconf 88' lang='grc' dir='ltr'><strong><em>ὁ</em></strong></span> <span class='ocrx_word' id='word_1_85' title='bbox 925 1155 1072 1236; x_wconf 78' lang='grc' dir='ltr'><em>πλοῦς,</em></span> 
     </span>
     <span class='ocr_line' id='line_1_12' title="bbox 31 1254 1072 1334; baseline -0.002 -14"><span class='ocrx_word' id='word_1_86' title='bbox 31 1260 107 1334; x_wconf 87' lang='lat' dir='ltr'>quod</span> <span class='ocrx_word' id='word_1_87' title='bbox 119 1254 306 1318; x_wconf 87' lang='lat' dir='ltr'>lrustraircl</span> <span class='ocrx_word' id='word_1_88' title='bbox 320 1255 497 1316; x_wconf 84' lang='lat' dir='ltr'>Corinthum</span> <span class='ocrx_word' id='word_1_89' title='bbox 509 1257 701 1331; x_wconf 80' lang='lat' dir='ltr'>adheidem,</span> <span class='ocrx_word' id='word_1_90' title='bbox 722 1258 856 1334; x_wconf 91' lang='lat' dir='ltr'>quinon</span> <span class='ocrx_word' id='word_1_91' title='bbox 876 1257 977 1334; x_wconf 88' lang='lat' dir='ltr'>quiret</span> <span class='ocrx_word' id='word_1_92' title='bbox 989 1258 1072 1332; x_wconf 90' lang='lat' dir='ltr'>dare,</span> 
     </span>
     <span class='ocr_line' id='line_1_13' title="bbox 31 1340 1096 1420; baseline -0.008 -15"><span class='ocrx_word' id='word_1_93' title='bbox 31 1345 107 1420; x_wconf 86' lang='lat' dir='ltr'>quod</span> <span class='ocrx_word' id='word_1_94' title='bbox 131 1347 330 1419; x_wconf 88' lang='lat' dir='ltr'>posceretur.</span> <span class='ocrx_word' id='word_1_95' title='bbox 374 1340 444 1401; x_wconf 74' lang='lat' dir='ltr'>‘Ad</span> <span class='ocrx_word' id='word_1_96' title='bbox 465 1342 546 1403; x_wconf 90' lang='lat' dir='ltr'>hanc</span> <span class='ocrx_word' id='word_1_97' title='bbox 569 1341 619 1403; x_wconf 89' lang='lat' dir='ltr'>ille</span> <span class='ocrx_word' id='word_1_98' title='bbox 640 1344 923 1406; x_wconf 87' lang='lat' dir='ltr'>Demosthenes</span> <span class='ocrx_word' id='word_1_99' title='bbox 953 1343 1096 1404; x_wconf 80' lang='lat' dir='ltr'>clauco-5</span> 
     </span>
     <span class='ocr_line' id='line_1_14' title="bbox 28 1425 1074 1507; baseline 0 -18"><span class='ocrx_word' id='word_1_100' title='bbox 28 1432 82 1489; x_wconf 91' lang='lat' dir='ltr'>lum</span> <span class='ocrx_word' id='word_1_101' title='bbox 100 1427 228 1498; x_wconf 89' lang='lat' dir='ltr'>aditet,</span> <span class='ocrx_word' id='word_1_102' title='bbox 246 1433 280 1487; x_wconf 88' lang='lat' dir='ltr'>ut</span> <span class='ocrx_word' id='word_1_103' title='bbox 293 1425 351 1487; x_wconf 91' lang='lat' dir='ltr'>sibi</span> <span class='ocrx_word' id='word_1_104' title='bbox 365 1425 486 1503; x_wconf 90' lang='lat' dir='ltr'>copiam</span> <span class='ocrx_word' id='word_1_105' title='bbox 499 1426 547 1488; x_wconf 95' lang='lat' dir='ltr'>sui</span> <span class='ocrx_word' id='word_1_106' title='bbox 559 1429 690 1503; x_wconf 87' lang='lat' dir='ltr'>laceret,</span> <span class='ocrx_word' id='word_1_107' title='bbox 709 1429 795 1506; x_wconf 89' lang='lat' dir='ltr'>petit.</span> <span class='ocrx_word' id='word_1_108' title='bbox 819 1431 862 1490; x_wconf 90' lang='lat' dir='ltr'>At</span> <span class='ocrx_word' id='word_1_109' title='bbox 873 1427 943 1490; x_wconf 90' lang='lat' dir='ltr'>Lais</span> <span class='ocrx_word' id='word_1_110' title='bbox 954 1427 1074 1507; x_wconf 80' lang='grc' dir='ltr'><strong><em>μυρίας</em></strong></span> 
     </span>
     <span class='ocr_line' id='line_1_15' title="bbox 29 1503 1073 1594; baseline -0.001 -20"><span class='ocrx_word' id='word_1_111' title='bbox 29 1503 169 1594; x_wconf 72' lang='grc' dir='ltr'><strong><em>δραχμὰς</em></strong></span> <span class='ocrx_word' id='word_1_112' title='bbox 188 1512 359 1588; x_wconf 88' lang='lat' dir='ltr'>poposcit&#39;,</span> <span class='ocrx_word' id='word_1_113' title='bbox 375 1512 436 1573; x_wconf 91' lang='lat' dir='ltr'>hoc</span> <span class='ocrx_word' id='word_1_114' title='bbox 454 1513 526 1574; x_wconf 89' lang='lat' dir='ltr'>lacit</span> <span class='ocrx_word' id='word_1_115' title='bbox 543 1513 658 1575; x_wconf 90' lang='lat' dir='ltr'>nummi</span> <span class='ocrx_word' id='word_1_116' title='bbox 677 1515 824 1576; x_wconf 83' lang='lat' dir='ltr'>nostratis</span> <span class='ocrx_word' id='word_1_117' title='bbox 843 1513 1003 1574; x_wconf 87' lang='lat' dir='ltr'>denarium</span> <span class='ocrx_word' id='word_1_118' title='bbox 1022 1513 1073 1573; x_wconf 93' lang='lat' dir='ltr'>de·</span> 
     </span>
     <span class='ocr_line' id='line_1_16' title="bbox 29 1597 1097 1677; baseline -0.004 -19"><span class='ocrx_word' id='word_1_119' title='bbox 29 1617 87 1660; x_wconf 85' lang='lat' dir='ltr'>cem</span> <span class='ocrx_word' id='word_1_120' title='bbox 100 1598 195 1658; x_wconf 90' lang='lat' dir='ltr'>milla.</span> <span class='ocrx_word' id='word_1_121' title='bbox 227 1597 305 1658; x_wconf 75' lang='lat' dir='ltr'>‘Tali</span> <span class='ocrx_word' id='word_1_122' title='bbox 316 1599 486 1674; x_wconf 89' lang='lat' dir='ltr'>petulantia</span> <span class='ocrx_word' id='word_1_123' title='bbox 499 1598 636 1661; x_wconf 90' lang='lat' dir='ltr'>mulieris</span> <span class='ocrx_word' id='word_1_124' title='bbox 654 1608 747 1676; x_wconf 88' lang='lat' dir='ltr'>atque</span> <span class='ocrx_word' id='word_1_125' title='bbox 757 1598 910 1677; x_wconf 89' lang='lat' dir='ltr'>pecuniae</span> <span class='ocrx_word' id='word_1_126' title='bbox 923 1597 1097 1673; x_wconf 78' lang='lat' dir='ltr'>magnac-c</span> 
     </span>
     <span class='ocr_line' id='line_1_17' title="bbox 28 1682 1072 1760; baseline 0.001 -17"><span class='ocrx_word' id='word_1_127' title='bbox 28 1685 91 1745; x_wconf 89' lang='lat' dir='ltr'>dine</span> <span class='ocrx_word' id='word_1_128' title='bbox 102 1685 186 1744; x_wconf 91' lang='lat' dir='ltr'>ictus</span> <span class='ocrx_word' id='word_1_129' title='bbox 199 1683 437 1760; x_wconf 88' lang='lat' dir='ltr'>expauidusque</span> <span class='ocrx_word' id='word_1_130' title='bbox 456 1685 738 1746; x_wconf 87' lang='lat' dir='ltr'>Demosthenes</span> <span class='ocrx_word' id='word_1_131' title='bbox 758 1684 908 1748; x_wconf 87' lang='lat' dir='ltr'>auertitur</span> <span class='ocrx_word' id='word_1_132' title='bbox 926 1691 957 1743; x_wconf 91' lang='lat' dir='ltr'>et</span> <span class='ocrx_word' id='word_1_133' title='bbox 973 1682 1072 1744; x_wconf 91' lang='lat' dir='ltr'>disce·</span> 
     </span>
     <span class='ocr_line' id='line_1_18' title="bbox 27 1767 1074 1844; baseline 0.003 -19"><span class='ocrx_word' id='word_1_134' title='bbox 27 1771 113 1830; x_wconf 86' lang='lat' dir='ltr'>dens:</span> <span class='ocrx_word' id='word_1_135' title='bbox 127 1772 237 1844; x_wconf 74' lang='lat' dir='ltr'>‘ego&#39;,</span> <span class='ocrx_word' id='word_1_136' title='bbox 249 1767 362 1844; x_wconf 89' lang='lat' dir='ltr'>inquit,</span> <span class='ocrx_word' id='word_1_137' title='bbox 378 1769 555 1844; x_wconf 72' lang='lat' dir='ltr'>‘paenitere</span> <span class='ocrx_word' id='word_1_138' title='bbox 565 1769 642 1830; x_wconf 90' lang='lat' dir='ltr'>tanti</span> <span class='ocrx_word' id='word_1_139' title='bbox 654 1787 716 1831; x_wconf 93' lang='lat' dir='ltr'>non</span> <span class='ocrx_word' id='word_1_140' title='bbox 730 1787 799 1832; x_wconf 91' lang='lat' dir='ltr'>emo</span> <span class='ocrx_word' id='word_1_141' title='bbox 809 1775 845 1830; x_wconf 89' lang='lat'>’&#39;.</span> <span class='ocrx_word' id='word_1_142' title='bbox 872 1769 936 1830; x_wconf 86' lang='lat' dir='ltr'>Sed</span> <span class='ocrx_word' id='word_1_143' title='bbox 955 1770 1074 1830; x_wconf 89' lang='lat' dir='ltr'>Graeca</span> 
     </span>
     <span class='ocr_line' id='line_1_19' title="bbox 27 1844 1071 1933; baseline 0.001 -21"><span class='ocrx_word' id='word_1_144' title='bbox 27 1853 104 1930; x_wconf 86' lang='lat' dir='ltr'>ipsa,</span> <span class='ocrx_word' id='word_1_145' title='bbox 130 1870 213 1930; x_wconf 89' lang='lat' dir='ltr'>quae</span> <span class='ocrx_word' id='word_1_146' title='bbox 237 1855 335 1914; x_wconf 88' lang='lat' dir='ltr'>lertur</span> <span class='ocrx_word' id='word_1_147' title='bbox 357 1853 489 1928; x_wconf 91' lang='lat' dir='ltr'>dixisse,</span> <span class='ocrx_word' id='word_1_148' title='bbox 508 1855 660 1932; x_wconf 88' lang='lat' dir='ltr'>lepidiora</span> <span class='ocrx_word' id='word_1_149' title='bbox 676 1862 763 1917; x_wconf 90' lang='lat' dir='ltr'>sunt:</span> <span class='ocrx_word' id='word_1_150' title='bbox 786 1847 867 1917; x_wconf 75' lang='lat' dir='ltr'>‘oda</span> <span class='ocrx_word' id='word_1_151' title='bbox 890 1844 1071 1933; x_wconf 74' lang='lat' dir='ltr'>oiuodpuc’,</span> 
     </span>
     <span class='ocr_line' id='line_1_20' title="bbox 26 1936 742 2020; baseline 0.006 -23"><span class='ocrx_word' id='word_1_152' title='bbox 26 1938 132 2015; x_wconf 89' lang='lat' dir='ltr'>inquit,</span> <span class='ocrx_word' id='word_1_153' title='bbox 153 1938 307 2019; x_wconf 55' lang='grc' dir='ltr'>ξμυρίων</span> <span class='ocrx_word' id='word_1_154' title='bbox 320 1937 478 2020; x_wconf 75' lang='grc' dir='ltr'><em>δραχμῶν</em></span> <span class='ocrx_word' id='word_1_155' title='bbox 496 1936 742 2020; x_wconf 58' lang='grc' dir='ltr'><strong><em>μεταμέλειαν.</em></strong></span> 
     </span>
    </p>
   </div>
   <div class='ocr_carea' id='block_1_3' title="bbox 506 2161 597 2224">
    <p class='ocr_par' dir='ltr' id='par_1_4' title="bbox 506 2161 597 2224">
     <span class='ocr_line' id='line_1_21' title="bbox 506 2161 597 2224; baseline 0 0"><span class='ocrx_word' id='word_1_156' title='bbox 506 2161 597 2224; x_wconf 89' lang='lat' dir='ltr'>Vllll.</span> 
     </span>
    </p>
   </div>
   <div class='ocr_carea' id='block_1_4' title="bbox 26 2283 1072 2511">
    <p class='ocr_par' dir='ltr' id='par_1_5' title="bbox 26 2283 1072 2511">
     <span class='ocr_line' id='line_1_22' title="bbox 26 2283 1072 2360; baseline 0.002 -22"><span class='ocrx_word' id='word_1_157' title='bbox 26 2283 87 2350; x_wconf 81' lang='lat' dir='ltr'>Quis</span> <span class='ocrx_word' id='word_1_158' title='bbox 99 2285 206 2341; x_wconf 90' lang='lat' dir='ltr'>modus</span> <span class='ocrx_word' id='word_1_159' title='bbox 219 2286 316 2355; x_wconf 86' lang='lat' dir='ltr'>luerit,</span> <span class='ocrx_word' id='word_1_160' title='bbox 334 2286 397 2357; x_wconf 90' lang='lat' dir='ltr'>quis</span> <span class='ocrx_word' id='word_1_161' title='bbox 417 2285 488 2341; x_wconf 87' lang='lat' dir='ltr'>ordo</span> <span class='ocrx_word' id='word_1_162' title='bbox 501 2285 670 2358; x_wconf 87' lang='lat' dir='ltr'>disciplinae</span> <span class='ocrx_word' id='word_1_163' title='bbox 683 2287 908 2360; x_wconf 77' lang='lat' dir='ltr'>Pythagoricae,</span> <span class='ocrx_word' id='word_1_164' title='bbox 927 2291 1072 2358; x_wconf 87' lang='lat' dir='ltr'>quantum·</span> 
     </span>
     <span class='ocr_line' id='line_1_23' title="bbox 60 2372 1071 2444; baseline 0.001 -20"><span class='ocrx_word' id='word_1_165' title='bbox 60 2386 113 2440; x_wconf 86' lang='lat' dir='ltr'>que</span> <span class='ocrx_word' id='word_1_166' title='bbox 132 2373 271 2444; x_wconf 83' lang='lat' dir='ltr'>temporis</span> <span class='ocrx_word' id='word_1_167' title='bbox 289 2372 456 2444; x_wconf 83' lang='lat' dir='ltr'>imperatum</span> <span class='ocrx_word' id='word_1_168' title='bbox 479 2373 714 2444; x_wconf 84' lang='lat' dir='ltr'>obseruatumque</span> <span class='ocrx_word' id='word_1_169' title='bbox 736 2374 771 2429; x_wconf 88' lang='lat' dir='ltr'>sil</span> <span class='ocrx_word' id='word_1_170' title='bbox 790 2372 920 2430; x_wconf 87' lang='lat' dir='ltr'>discendi</span> <span class='ocrx_word' id='word_1_171' title='bbox 938 2373 1021 2428; x_wconf 91' lang='lat' dir='ltr'>simul</span> <span class='ocrx_word' id='word_1_172' title='bbox 1039 2388 1071 2426; x_wconf 89' lang='lat' dir='ltr'>ac</span> 
     </span>
     <span class='ocr_line' id='line_1_24' title="bbox 60 2456 186 2511; baseline 0.024 -5"><span class='ocrx_word' id='word_1_173' title='bbox 60 2456 186 2511; x_wconf 84' lang='lat' dir='ltr'>tacendi.</span> 
     </span>
    </p>
   </div>
   <div class='ocr_carea' id='block_1_5' title="bbox 21 2586 1100 3517">
    <p class='ocr_par' dir='ltr' id='par_1_6' title="bbox 21 2586 1100 3517">
     <span class='ocr_line' id='line_1_25' title="bbox 80 2586 1095 2666; baseline 0.006 -20"><span class='ocrx_word' id='word_1_174' title='bbox 80 2587 169 2648; x_wconf 89' lang='lat' dir='ltr'>Ordo</span> <span class='ocrx_word' id='word_1_175' title='bbox 181 2595 277 2664; x_wconf 87' lang='lat' dir='ltr'>atque</span> <span class='ocrx_word' id='word_1_176' title='bbox 288 2587 631 2666; x_wconf 85' lang='lat' dir='ltr'>ratioPythagorae</span> <span class='ocrx_word' id='word_1_177' title='bbox 652 2603 688 2647; x_wconf 91' lang='lat' dir='ltr'>ac</span> <span class='ocrx_word' id='word_1_178' title='bbox 700 2586 849 2664; x_wconf 89' lang='lat' dir='ltr'>deinceps</span> <span class='ocrx_word' id='word_1_179' title='bbox 861 2587 992 2650; x_wconf 85' lang='lat' dir='ltr'>lamiliae</span> <span class='ocrx_word' id='word_1_180' title='bbox 1003 2602 1095 2654; x_wconf 90' lang='lat' dir='ltr'>suc-1</span> 
     </span>
     <span class='ocr_line' id='line_1_26' title="bbox 24 2671 1070 2750; baseline 0.008 -24"><span class='ocrx_word' id='word_1_181' title='bbox 24 2671 177 2734; x_wconf 81' lang='lat' dir='ltr'>cessionis</span> <span class='ocrx_word' id='word_1_182' title='bbox 197 2673 264 2735; x_wconf 91' lang='lat' dir='ltr'>eius</span> <span class='ocrx_word' id='word_1_183' title='bbox 280 2673 451 2750; x_wconf 88' lang='lat' dir='ltr'>recipiendi</span> <span class='ocrx_word' id='word_1_184' title='bbox 466 2673 711 2749; x_wconf 87' lang='lat' dir='ltr'>instituendique</span> <span class='ocrx_word' id='word_1_185' title='bbox 736 2671 906 2749; x_wconf 89' lang='lat' dir='ltr'>discipulos</span> <span class='ocrx_word' id='word_1_186' title='bbox 929 2673 1070 2735; x_wconf 91' lang='lat' dir='ltr'>huiusce·</span> 
     </span>
     <span class='ocr_line' id='line_1_27' title="bbox 24 2756 1093 2836; baseline 0.009 -25"><span class='ocrx_word' id='word_1_187' title='bbox 24 2756 99 2816; x_wconf 91' lang='lat' dir='ltr'>modi</span> <span class='ocrx_word' id='word_1_188' title='bbox 111 2757 215 2820; x_wconf 88' lang='lat' dir='ltr'>luisse</span> <span class='ocrx_word' id='word_1_189' title='bbox 227 2758 375 2820; x_wconf 88' lang='lat' dir='ltr'>traditur:</span> <span class='ocrx_word' id='word_1_190' title='bbox 399 2761 495 2820; x_wconf 87' lang='lat' dir='ltr'>lama</span> <span class='ocrx_word' id='word_1_191' title='bbox 505 2758 657 2836; x_wconf 89' lang='lat' dir='ltr'>principio</span> <span class='ocrx_word' id='word_1_192' title='bbox 671 2759 905 2832; x_wconf 87' lang='lat' dir='ltr'>adulescentes,</span> <span class='ocrx_word' id='word_1_193' title='bbox 926 2757 979 2836; x_wconf 91' lang='lat' dir='ltr'>qui</span> <span class='ocrx_word' id='word_1_194' title='bbox 998 2771 1093 2823; x_wconf 74' lang='lat' dir='ltr'>sesea</span> 
     </span>
     <span class='ocr_line' id='line_1_28' title="bbox 23 2837 1071 2924; baseline 0.008 -29"><span class='ocrx_word' id='word_1_195' title='bbox 23 2839 265 2904; x_wconf 88' lang='lat' dir='ltr'>addiscendum</span> <span class='ocrx_word' id='word_1_196' title='bbox 290 2844 484 2921; x_wconf 80' lang='lat' dir='ltr'>optulerunt,</span> <span class='ocrx_word' id='word_1_197' title='bbox 507 2837 849 2924; x_wconf 68' lang='lat' dir='ltr'>‘tauctoyvopo&#39;uet’.</span> <span class='ocrx_word' id='word_1_198' title='bbox 883 2844 917 2903; x_wconf 94' lang='lat' dir='ltr'>Id</span> <span class='ocrx_word' id='word_1_199' title='bbox 940 2844 1071 2904; x_wconf 91' lang='lat' dir='ltr'>uerbum</span> 
     </span>
     <span class='ocr_line' id='line_1_29' title="bbox 23 2921 1099 3008; baseline 0.003 -22"><span class='ocrx_word' id='word_1_200' title='bbox 23 2921 188 3002; x_wconf 70' lang='lat' dir='ltr'>signifieat,</span> <span class='ocrx_word' id='word_1_201' title='bbox 204 2945 310 2991; x_wconf 84' lang='lat' dir='ltr'>mores</span> <span class='ocrx_word' id='word_1_202' title='bbox 322 2935 514 3008; x_wconf 91' lang='lat' dir='ltr'>naturasque</span> <span class='ocrx_word' id='word_1_203' title='bbox 525 2929 683 2992; x_wconf 90' lang='lat' dir='ltr'>hominum</span> <span class='ocrx_word' id='word_1_204' title='bbox 697 2927 923 2991; x_wconf 86' lang='lat' dir='ltr'>coniectatione</span> <span class='ocrx_word' id='word_1_205' title='bbox 937 2929 1071 3004; x_wconf 89' lang='lat' dir='ltr'>quadam</span> <span class='ocrx_word' id='word_1_206' title='bbox 1093 2939 1099 2951; x_wconf 94' lang='grc'><em>·</em></span> 
     </span>
     <span class='ocr_line' id='line_1_30' title="bbox 23 3007 1070 3092; baseline 0.008 -25"><span class='ocrx_word' id='word_1_207' title='bbox 23 3007 55 3067; x_wconf 91' lang='lat' dir='ltr'>de</span> <span class='ocrx_word' id='word_1_208' title='bbox 66 3011 130 3074; x_wconf 89' lang='lat' dir='ltr'>oris</span> <span class='ocrx_word' id='word_1_209' title='bbox 144 3020 178 3074; x_wconf 89' lang='lat' dir='ltr'>et</span> <span class='ocrx_word' id='word_1_210' title='bbox 189 3015 297 3075; x_wconf 90' lang='lat' dir='ltr'>uultus</span> <span class='ocrx_word' id='word_1_211' title='bbox 310 3013 434 3090; x_wconf 79' lang='lat' dir='ltr'>ingenio</span> <span class='ocrx_word' id='word_1_212' title='bbox 453 3016 557 3092; x_wconf 85' lang='lat' dir='ltr'>deque</span> <span class='ocrx_word' id='word_1_213' title='bbox 576 3015 671 3077; x_wconf 87' lang='lat' dir='ltr'>totius</span> <span class='ocrx_word' id='word_1_214' title='bbox 692 3013 835 3092; x_wconf 85' lang='lat' dir='ltr'>corporis</span> <span class='ocrx_word' id='word_1_215' title='bbox 848 3013 900 3075; x_wconf 87' lang='lat' dir='ltr'>filo</span> <span class='ocrx_word' id='word_1_216' title='bbox 913 3020 1007 3091; x_wconf 90' lang='lat' dir='ltr'>atquc</span> <span class='ocrx_word' id='word_1_217' title='bbox 1019 3015 1070 3075; x_wconf 90' lang='lat' dir='ltr'>ha-</span> 
     </span>
     <span class='ocr_line' id='line_1_31' title="bbox 23 3091 1094 3176; baseline 0.004 -22"><span class='ocrx_word' id='word_1_218' title='bbox 23 3091 76 3154; x_wconf 85' lang='lat' dir='ltr'>bitu</span> <span class='ocrx_word' id='word_1_219' title='bbox 106 3097 277 3160; x_wconf 87' lang='lat' dir='ltr'>sciscitari.</span> <span class='ocrx_word' id='word_1_220' title='bbox 336 3101 427 3173; x_wconf 85' lang='lat' dir='ltr'>Tum,</span> <span class='ocrx_word' id='word_1_221' title='bbox 456 3099 508 3176; x_wconf 91' lang='lat' dir='ltr'>qui</span> <span class='ocrx_word' id='word_1_222' title='bbox 532 3101 713 3176; x_wconf 86' lang='lat' dir='ltr'>exploratus</span> <span class='ocrx_word' id='word_1_223' title='bbox 739 3101 777 3162; x_wconf 93' lang='lat' dir='ltr'>ab</span> <span class='ocrx_word' id='word_1_224' title='bbox 807 3116 844 3162; x_wconf 92' lang='lat' dir='ltr'>eo</span> <span class='ocrx_word' id='word_1_225' title='bbox 873 3099 1094 3175; x_wconf 84' lang='lat' dir='ltr'>idoneusque3</span> 
     </span>
     <span class='ocr_line' id='line_1_32' title="bbox 23 3177 1070 3262; baseline 0.008 -28"><span class='ocrx_word' id='word_1_226' title='bbox 23 3177 133 3255; x_wconf 89' lang='lat' dir='ltr'>luerat,</span> <span class='ocrx_word' id='word_1_227' title='bbox 153 3181 254 3260; x_wconf 89' lang='lat' dir='ltr'>recipi</span> <span class='ocrx_word' id='word_1_228' title='bbox 271 3184 301 3244; x_wconf 91' lang='lat' dir='ltr'>in</span> <span class='ocrx_word' id='word_1_229' title='bbox 314 3183 507 3262; x_wconf 88' lang='lat' dir='ltr'>disciplinam</span> <span class='ocrx_word' id='word_1_230' title='bbox 520 3185 622 3247; x_wconf 90' lang='lat' dir='ltr'>statim</span> <span class='ocrx_word' id='word_1_231' title='bbox 636 3185 763 3247; x_wconf 85' lang='lat' dir='ltr'>iubebat</span> <span class='ocrx_word' id='word_1_232' title='bbox 773 3191 804 3246; x_wconf 89' lang='lat' dir='ltr'>et</span> <span class='ocrx_word' id='word_1_233' title='bbox 815 3192 939 3262; x_wconf 88' lang='lat' dir='ltr'>tempus</span> <span class='ocrx_word' id='word_1_234' title='bbox 953 3188 1070 3244; x_wconf 91' lang='lat' dir='ltr'>certum</span> 
     </span>
     <span class='ocr_line' id='line_1_33' title="bbox 21 3265 1070 3346; baseline 0.005 -25"><span class='ocrx_word' id='word_1_235' title='bbox 21 3269 137 3327; x_wconf 84' lang='lat' dir='ltr'>tacere:</span> <span class='ocrx_word' id='word_1_236' title='bbox 159 3285 227 3329; x_wconf 92' lang='lat' dir='ltr'>non</span> <span class='ocrx_word' id='word_1_237' title='bbox 246 3286 355 3331; x_wconf 91' lang='lat' dir='ltr'>omnes</span> <span class='ocrx_word' id='word_1_238' title='bbox 373 3269 470 3345; x_wconf 91' lang='lat' dir='ltr'>idem,</span> <span class='ocrx_word' id='word_1_239' title='bbox 493 3271 550 3332; x_wconf 93' lang='lat' dir='ltr'>sed</span> <span class='ocrx_word' id='word_1_240' title='bbox 569 3270 647 3333; x_wconf 90' lang='lat' dir='ltr'>alios</span> <span class='ocrx_word' id='word_1_241' title='bbox 666 3269 749 3332; x_wconf 90' lang='lat' dir='ltr'>aliud</span> <span class='ocrx_word' id='word_1_242' title='bbox 765 3277 889 3346; x_wconf 89' lang='lat' dir='ltr'>tempus</span> <span class='ocrx_word' id='word_1_243' title='bbox 907 3285 965 3345; x_wconf 88' lang='lat' dir='ltr'>pro</span> <span class='ocrx_word' id='word_1_244' title='bbox 979 3265 1070 3328; x_wconf 88' lang='lat' dir='ltr'>aesti-</span> 
     </span>
     <span class='ocr_line' id='line_1_34' title="bbox 21 3353 1100 3432; baseline 0.011 -28"><span class='ocrx_word' id='word_1_245' title='bbox 21 3355 96 3409; x_wconf 86' lang='lat' dir='ltr'>malo</span> <span class='ocrx_word' id='word_1_246' title='bbox 113 3360 215 3429; x_wconf 90' lang='lat' dir='ltr'>captu</span> <span class='ocrx_word' id='word_1_247' title='bbox 227 3354 393 3416; x_wconf 84' lang='lat' dir='ltr'>sollertiae.</span> <span class='ocrx_word' id='word_1_248' title='bbox 427 3357 457 3416; x_wconf 90' lang='lat' dir='ltr'>Is</span> <span class='ocrx_word' id='word_1_249' title='bbox 477 3363 580 3416; x_wconf 86' lang='lat' dir='ltr'>autem</span> <span class='ocrx_word' id='word_1_250' title='bbox 599 3357 652 3432; x_wconf 92' lang='lat' dir='ltr'>qui</span> <span class='ocrx_word' id='word_1_251' title='bbox 672 3355 806 3429; x_wconf 90' lang='lat' dir='ltr'>tacebat,</span> <span class='ocrx_word' id='word_1_252' title='bbox 828 3370 909 3430; x_wconf 91' lang='lat' dir='ltr'>qnae</span> <span class='ocrx_word' id='word_1_253' title='bbox 928 3353 1100 3416; x_wconf 71' lang='lat' dir='ltr'>diceban-4</span> 
     </span>
     <span class='ocr_line' id='line_1_35' title="bbox 21 3435 1070 3517; baseline 0.009 -29"><span class='ocrx_word' id='word_1_254' title='bbox 21 3435 65 3490; x_wconf 85' lang='lat' dir='ltr'>tur</span> <span class='ocrx_word' id='word_1_255' title='bbox 75 3436 115 3495; x_wconf 90' lang='lat' dir='ltr'>ab</span> <span class='ocrx_word' id='word_1_256' title='bbox 136 3437 227 3512; x_wconf 91' lang='lat' dir='ltr'>aliis,</span> <span class='ocrx_word' id='word_1_257' title='bbox 248 3439 407 3513; x_wconf 87' lang='lat' dir='ltr'>audiebat,</span> <span class='ocrx_word' id='word_1_258' title='bbox 426 3457 528 3516; x_wconf 89' lang='lat' dir='ltr'>neque</span> <span class='ocrx_word' id='word_1_259' title='bbox 539 3439 732 3517; x_wconf 86' lang='lat' dir='ltr'>percontari,</span> <span class='ocrx_word' id='word_1_260' title='bbox 754 3439 781 3500; x_wconf 90' lang='lat' dir='ltr'>si</span> <span class='ocrx_word' id='word_1_261' title='bbox 791 3436 1070 3515; x_wconf 85' lang='lat' dir='ltr'>parurnintellexe-</span> 
     </span>
    </p>
   </div>
   <div class='ocr_carea' id='block_1_6' title="bbox 22 3521 1071 3666">
    <p class='ocr_par' dir='ltr' id='par_1_7' title="bbox 22 3521 1071 3666">
     <span class='ocr_line' id='line_1_36' title="bbox 22 3521 1071 3666; baseline -0.001 -86"><span class='ocrx_word' id='word_1_262' title='bbox 22 3523 80 3656; x_wconf 56' lang='lat' dir='ltr'>laid</span> <span class='ocrx_word' id='word_1_263' title='bbox 96 3537 207 3598; x_wconf 85' lang='lat' dir='ltr'>neque</span> <span class='ocrx_word' id='word_1_264' title='bbox 220 3523 433 3599; x_wconf 89' lang='lat' dir='ltr'>commentari,</span> <span class='ocrx_word' id='word_1_265' title='bbox 448 3542 527 3602; x_wconf 89' lang='lat' dir='ltr'>quae</span> <span class='ocrx_word' id='word_1_266' title='bbox 540 3523 694 3599; x_wconf 88' lang='lat' dir='ltr'>audierat,</span> <span class='ocrx_word' id='word_1_267' title='bbox 713 3526 760 3585; x_wconf 85' lang='lat' dir='ltr'>las</span> <span class='ocrx_word' id='word_1_268' title='bbox 772 3529 839 3583; x_wconf 84' lang='lat' dir='ltr'>erat</span> <span class='ocrx_word' id='word_1_269' title='bbox 840 3569 862 3666; x_wconf 41' lang='lat' dir='ltr'>A</span> <span class='ocrx_word' id='word_1_270' title='bbox 871 3521 929 3583; x_wconf 90' lang='lat' dir='ltr'>sed</span> <span class='ocrx_word' id='word_1_271' title='bbox 940 3540 1003 3584; x_wconf 93' lang='lat' dir='ltr'>non</span> <span class='ocrx_word' id='word_1_272' title='bbox 1018 3521 1071 3580; x_wconf 90' lang='lat' dir='ltr'>mi-</span> 
     </span>
     <span class='ocr_line' id='line_1_37' title="bbox 82 3622 191 3666; baseline 0.073 -7"><span class='ocrx_word' id='word_1_273' title='bbox 82 3622 191 3666; x_wconf 78' lang='lat' dir='ltr'>ELUVS.</span> 
     </span>
    </p>
   </div>
   <div class='ocr_carea' id='block_1_7' title="bbox 0 0 1250 3926">
    <p class='ocr_par' dir='ltr' id='par_1_8' title="bbox 0 0 1250 3926">
     <span class='ocr_line' id='line_1_38' title="bbox 0 0 1250 3926; baseline 0 4"><span class='ocrx_word' id='word_1_274' title='bbox 0 0 1250 3926; x_wconf 95' lang='lat' dir='ltr'> </span> 
     </span>
    </p>
   </div>
  </div>
 </body>
</html>
