2456 3918
453 229 489 286 ll.
512 243 558 286 111.
581 243 640 287 ιιιι.
1024 224 1065 291 77

79 396 306 457 Vestibulum
337 401 427 455 ante
461 394 586 472 ipsum
621 396 822 540 prinIaoquke
857 396 897 456 in
935 395 1065 458 limine

727 498 794 558 yrr
825 498 868 540 us

80 581 331 654 Exultat,telis
355 588 397 642 et
419 583 504 642 luce
528 596 716 643 coruscus
740 597 854 654 aena,

48 701 160 762 additam
171 719 268 780 supra
278 701 412 763 uidimus
427 699 579 762 hliteram
592 707 623 761 et
639 701 774 762 ‘ahena’
794 701 919 762 lactum.
965 699 1017 760 Sic
1038 699 1097 762 ind

45 786 220 882 ilouqnoque
249 785 400 862 Vergili
424 802 519 847 uersu
539 785 570 846 in
594 785 718 863 optimis
739 784 826 846 libris
849 783 999 861 scriptum
1022 783 1065 844 in·

46 887 176 934 uennnus:

74 991 137 1050 dut
156 987 264 1050 soliis
291 987 427 1048 undam
448 988 591 1064 trepidi
613 990 815 1064 despumat
836 988 960 1052 aheni.

510 1155 574 1217 1111.

44 1274 112 1342 Onam
134 1278 167 1331 ob
194 1291 314 1331 causam
336 1274 441 1331 Gauius
461 1273 570 1332 Bassus
593 1294 683 1349 genus
707 1278 850 1350 quoddam
875 1280 971 1336 iudicii
995 1281 1066 1340 diui-

73 1363 200 1417 nationem
225 1361 364 1432 appellari
388 1361 533 1432 scripserit
555 1368 582 1417 el
603 1378 686 1432 quam
709 1364 756 1420 alii
775 1381 891 1420 eausam
911 1383 974 1422 csse
991 1367 1067 1425 eius·

74 1445 126 1501 dein
141 1446 274 1502 uocabuli
292 1445 422 1501 dixerint.

90 1573 155 1633 Cum
172 1573 212 1634 de
231 1573 452 1636 constituendo
470 1582 654 1636 accusatore
680 1574 837 1650 quaeritur
856 1574 1094 1654 indiciumquel

43 1673 116 1733 super
135 1675 170 1718 ea
196 1677 233 1720 re
260 1658 417 1732 redditur,
447 1657 569 1720 cuinam
588 1659 782 1737 potissimum
800 1677 840 1722 ex
860 1661 983 1722 duobus
999 1664 1065 1738 plu·

42 1741 144 1802 nbusue
173 1743 338 1805 accusatio
366 1743 595 1820 subscriptione
619 1743 650 1805 in
677 1762 764 1806 reum
791 1744 999 1821 permittatur,
1029 1763 1066 1807 eu

42 1841 79 1886 res
99 1832 187 1903 atque
208 1828 349 1889 iudicum
372 1827 507 1906 cognitio
526 1827 705 1889 ‘diuinatio’
723 1830 905 1906 appellatur.
951 1831 987 1889 ld
1014 1838 1098 1892 uon

42 1912 159 1972 nebulum
177 1931 274 1990 quam
292 1913 335 1974 ob'
349 1929 476 1975 causam
494 1912 537 1973 ita
553 1915 666 1974 lactum
683 1912 738 1987 sit,
758 1913 865 1989 quaeri
884 1915 974 1974 solet.

89 1997 230 2060 Gauius
261 1997 469 2060 Bassusin
496 1997 618 2059 tertio
653 1997 868 2071 librorum,
906 2014 986 2073 quos
1019 1999 1095 2060 de3

42 2080 176 2155 origine
193 2082 481 2144 uocabulorum
497 2081 688 2159 composuit:
719 2080 937 2156 diuinatio,
956 2081 1064 2160 inquit,

42 2163 208 2228 iudicium
253 2168 502 2244 appellatur,
546 2166 731 2243 quoniam
770 2166 926 2228 diuinet
964 2186 1065 2244 quo·

43 2249 554 2328 dammodoiudexoportet,
586 2269 699 2328 quam
722 2252 1066 2314 sententiamsese

42 2335 125 2398 lerre
152 2355 224 2414 par
251 2337 312 2398 sit.
357 2335 451 2398 Nimis
471 2337 595 2414 quidem
612 2336 706 2398 estin
721 2336 826 2398 uerbis
844 2337 938 2398 Gaui
954 2339 1096 2401 Bassia

41 2418 99 2481 ratio
110 2420 284 2498 inperfecta
298 2424 350 2483 uel
362 2420 461 2498 magis
477 2422 569 2499 inops
582 2429 613 2483 et
623 2421 735 2482 ieiuna.
754 2421 816 2482 Sed
829 2421 950 2483 uidetur
964 2429 1067 2484 tamen
1081 2435 1096 2485 5

42 2503 197 2578 significare
212 2509 311 2581 uelle,
334 2506 452 2568 ideireo
471 2507 532 2568 dici
555 2506 815 2580 ‘diuinationem'‚
843 2507 928 2584 quod
950 2506 981 2567 in
999 2507 1065 2568 aliis

43 2587 145 2662 quidam
164 2589 271 2652 causis
288 2591 383 2652 iudex
399 2607 445 2665 ea,
465 2597 571 2668 [quae]
589 2591 695 2652 didicit
710 2608 855 2668 quaeque
877 2591 1065 2667 argumentis

42 2675 80 2732 nel
93 2676 224 2737 testibus
242 2676 456 2737 demonstrata
472 2683 553 2749 sunt,
569 2676 660 2752 sequi
677 2679 767 2750 solet,
783 2675 814 2736 in
831 2676 889 2736 hac
905 2683 1008 2736 autem
1021 2691 1065 2748 re,

43 2770 95 2817 cnm
108 2760 270 2836 eligendus
287 2767 453 2822 accusator
466 2769 523 2835 est,
535 2778 633 2838 parua
647 2761 815 2822 admodum
832 2767 862 2821 et
877 2759 968 2820 exilia
984 2766 1065 2832 sunt,

44 2843 133 2914 quibus
155 2844 279 2908 moueri
293 2845 387 2907 iudex
402 2845 514 2921 possit,
532 2855 563 2907 et
578 2853 753 2924 propterea,
771 2844 895 2922 quinam
911 2843 1009 2920 magis
1026 2845 1066 2904 ad

44 2931 233 2992 accusandum
248 2930 382 2992 idoneus
401 2930 450 3004 sit,
471 2931 560 3008 quasi
577 2930 776 2992 diuinandum
793 2936 850 2991 est.

87 3013 167 3076 Haeo
193 3015 361 3078 Bassus.
407 3011 471 3076 Sed
496 3015 546 3077 alii
574 3017 698 3093 quidam
723 3013 977 3078 ‘diuinationem'
995 3019 1095 3078 essct

44 3101 208 3173 appellatam
226 3107 351 3179 putant,
377 3100 538 3178 quoniam,
563 3117 632 3163 cum
655 3107 820 3164 accusator
844 3108 875 3162 et
897 3117 968 3162 reus
986 3101 1066 3161 duae

43 3195 81 3241 res
97 3185 182 3260 quasi
200 3193 351 3262 cognatae
370 3185 618 3262 coniunctaeque
640 3187 702 3250 sint
724 3203 828 3263 neque
843 3193 912 3247 utra
934 3184 1003 3248 sine
1025 3185 1065 3245 at-

43 3269 96 3326 tera
110 3277 253 3332 constare
270 3270 381 3349 possit,
405 3269 436 3331 in
451 3271 513 3332 hoc
530 3276 632 3333 tamen
650 3289 765 3348 genere
782 3288 896 3334 causae
910 3286 984 3330 reus
1001 3267 1066 3344 qni-

45 3346 102 3412 dem
115 3352 174 3415 iam
191 3362 252 3431 est,
276 3357 334 3417 sed
350 3362 517 3417 accusator
533 3358 671 3417 nondum
688 3363 751 3430 est,
775 3364 805 3418 et
822 3355 955 3427 idcirco,
980 3353 1066 3430 quod

45 3433 245 3516 uoluensque
269 3442 360 3504 deest
382 3448 412 3502 et
436 3441 524 3514 latet,
555 3440 744 3503 diuinatione
772 3439 980 3517 supplendum
1007 3445 1065 3513 est,
1167 3491 1171 3498 .

46 3518 168 3589 quisnam
186 3525 225 3586 sit
239 3534 404 3589 accusator
421 3526 553 3587 iuturus.
