2490 3926
489 211 511 270 1.
530 225 589 269 1111.
601 225 632 272 v.
1042 209 1084 274 43

53 384 115 436 tem
137 383 174 438 et
196 375 262 453 qui
278 379 417 449 refert,
439 377 569 452 habet,
592 385 629 439 et
647 377 711 456 qui
727 377 859 451 habet,
879 375 916 439 in
934 395 978 440 eo
997 378 1083 456 ipso

52 461 147 537 quod
163 461 300 534 habet,
324 463 458 522 refert.
488 464 619 539 Neque
638 480 709 539 ego
729 479 828 524 nunc
844 463 1002 526 Plancio
1020 462 1085 523 de·

50 546 163 606 sinam
184 546 347 619 debere,
367 545 402 606 si
422 546 494 606 hoc
518 548 694 620 soluero,
713 563 783 608 nec
804 546 930 608 minus
948 546 982 607 ei
999 547 1085 608 red-

50 631 172 691 derem
193 632 404 691 uoluntate
422 629 521 706 ipsa,
549 630 582 692 si
606 631 677 692 hoc
700 629 907 692 molestiae
929 648 1004 693 non
1025 645 1084 690 ac·

49 715 165 776 cidiss
174 722 212 777 et
222 749 265 758 ἡ
276 718 285 748 f
295 715 432 791 crispum
442 719 546 790 sane'‚
556 715 668 792 inquit,
681 720 809 792 ‘agmen
822 713 969 778 orationis
981 721 1109 776 rotun-4

53 801 182 876 dumque
198 816 236 860 ac
258 799 385 861 modulo
407 799 477 876 ipso
500 817 698 862 numerorum
720 807 900 872 uenustum‚
920 800 978 860 sed
1000 799 1086 874 quod

52 901 116 944 cum
126 883 219 945 uenia
229 883 395 960 legendum
407 884 447 944 sit
457 884 545 946 uerbi
556 887 681 962 paulum
700 884 772 944 idco
789 883 942 957 inmutati‚
965 889 999 944 ut
1016 899 1085 944 sen·

49 968 157 1030 tentiae
174 969 255 1030 tides
271 969 360 1029 salua
370 975 465 1030 esset.
487 970 626 1045 Namque
637 968 752 1030 debitio
764 968 880 1045 gratiae
893 975 924 1028 et
934 966 1108 1043 pecuniae5

51 1055 165 1114 conlata
184 1053 316 1114 uerbum
335 1053 501 1130 utrubique
518 1053 638 1114 seruari
654 1053 801 1130 postulat.
834 1055 879 1112 lta
902 1051 982 1113 enim
1000 1056 1085 1112 recte

54 1137 366 1214 oppositaintersese
378 1138 494 1214 gratiae
504 1138 719 1215 pecuniaeque
731 1137 846 1198 debitio
867 1135 1038 1208 uidebitur,
1058 1133 1085 1194 si

52 1229 78 1281 et
87 1221 219 1298 pecunia
232 1219 357 1298 quidem
369 1222 475 1283 deberi
493 1223 614 1284 dicatur
630 1229 660 1284 et
676 1221 788 1298 gratia,
812 1228 861 1284 set
877 1221 952 1297 quid
963 1217 1086 1281 eueniat

51 1305 77 1364 in
90 1306 221 1382 pecunia
234 1305 338 1366 debita
351 1309 510 1380 salutaue,
533 1306 607 1383 quid
626 1313 733 1369 contra
751 1306 780 1366 in
793 1305 890 1382 gratia
902 1304 1006 1365 debita
1015 1304 1084 1363 red·

52 1390 162 1466 ditaue,
187 1391 353 1452 debitionis
371 1393 468 1453 uerbo
480 1391 635 1468 utrimque
645 1397 788 1464 seruato,
812 1389 992 1451 disseratur.
1027 1386 1107 1448 Cib

51 1491 134 1536 cero
152 1479 286 1550 autem’,
306 1475 417 1552 inquit,
438 1481 526 1538 ‘cunr
545 1476 662 1551 gratiae
673 1475 886 1552 pecuniaeque
898 1472 1084 1535 debitionem

51 1560 224 1622 dissimilem
244 1577 315 1621 esse
335 1560 465 1622 dixisset
482 1561 612 1635 eiusque
631 1557 802 1621 sententiae
814 1556 964 1620 rationem
975 1556 1084 1616 redde-

49 1651 103 1717 ret,
122 1646 254 1706 uerbum
273 1644 392 1705 debet
407 1645 437 1705 in
456 1643 589 1721 pecunia
600 1643 702 1721 ponit,
721 1642 861 1719 ingratia
879 1643 997 1702 habet
1013 1640 1084 1701 sub·

50 1729 177 1806 licitpro
201 1729 335 1801 debet3
358 1728 493 1790 itaenim
510 1728 599 1789 dicit:
623 1728 796 1790 Gratiam
818 1733 945 1788 autem
967 1732 1004 1786 et
1027 1722 1085 1800 qui

48 1816 180 1887 refert,
203 1814 338 1885 habet,
361 1820 400 1874 et
423 1812 487 1889 qui
508 1813 637 1886 habet,
656 1812 694 1872 in
717 1829 760 1874 eo
784 1812 870 1888 ipso
898 1809 999 1887 quod
1019 1803 1105 1867 ha·7
1170 1841 1174 1852 ·

47 1897 120 1969 bet,
143 1899 278 1959 refert.
311 1897 374 1958 Sed
385 1897 418 1958 id
429 1899 558 1959 uerbum
576 1897 690 1958 habet
705 1913 775 1957 cum
786 1895 950 1972 proposita
961 1907 1084 1968 compa-

48 1981 161 2043 ratione
174 1999 239 2043 non
250 1982 326 2043 satis
343 1982 497 2044 conuenit.
530 1980 650 2042 Debitio
670 1981 750 2040 enim
768 1978 901 2056 gratiae,
922 1995 984 2040 non
1002 1974 1084 2035 habi-

47 2065 98 2138 tio,
117 2083 188 2127 cum
202 2067 338 2144 pecunia
355 2069 528 2139 confertur,
551 2072 644 2142 atque
660 2065 731 2128 ideo
751 2078 949 2138 consequens
960 2059 1084 2137 quidem

47 2151 137 2211 fuerat
150 2150 196 2212 sic
209 2151 328 2211 dicere:
343 2150 451 2227 ‘etqui
464 2149 602 2224 debet,in
615 2166 652 2210 eo
665 2150 745 2227 ipso,
754 2148 839 2226 quod
851 2147 1082 2222 debet‚relert’;

46 2235 95 2293 sed
114 2236 286 2296 absurdum
304 2240 335 2295 et
350 2234 440 2296 nimis
459 2241 600 2296 coactum
617 2236 711 2308 foret,
730 2233 758 2294 si
774 2233 913 2294 nondum
932 2231 1083 2293 redditam

46 2319 169 2392 gratiam
181 2337 219 2381 eo
233 2319 303 2397 ipso
316 2319 470 2381 redditam
482 2319 612 2392 diceret,
629 2316 700 2394 quia
712 2318 851 2378 debetur.
864 2315 1027 2378 Inmutauit
1038 2320 1106 2374 ere

46 2407 107 2476 go’,
118 2403 237 2481 inquit,
248 2404 404 2465 ‘subdidit
415 2405 544 2465 uerbum
557 2402 585 2463 ei
596 2403 694 2463 uerbo
705 2450 713 2476 ,
726 2401 982 2478 quodomiserat,
995 2397 1083 2458 liniti·

46 2503 136 2563 mum,
166 2496 200 2550 ut
221 2489 379 2550 uideretur
391 2495 423 2549 et
439 2505 566 2549 sensum
585 2486 748 2548 debitionis
772 2487 912 2548 conlatae
935 2501 998 2544 non
1015 2480 1082 2542 reli-

47 2571 147 2645 quisse
159 2581 190 2634 et
202 2573 440 2634 concinnitatem
452 2570 623 2634 sententiae
635 2571 830 2632 retinuisse’.
863 2569 1083 2629 Adhuncmo-

47 2655 112 2716 dum
122 2658 197 2718 Iuli
206 2674 300 2718 anus
314 2655 471 2719 enodabat
486 2655 734 2732 diiudicabatque
746 2661 886 2715 ueterum
898 2651 1082 2715 scribtorum

49 2740 226 2814 sententias,
251 2757 331 2817 quae
344 2748 501 2818 aputeum
518 2740 733 2801 adulescentes
752 2737 978 2799 delectitabant.

535 2908 573 2970 V.

50 3033 123 3102 Quod
139 3040 342 3098 Demosthenes
355 3039 450 3095 rhetor
461 3040 537 3095 cultu
551 3037 677 3109 eorporis
692 3043 775 3108 atquc
788 3037 892 3116 uestitu
902 3035 1014 3107 probris
1032 3035 1080 3089 ob·

85 3125 166 3180 noxio
177 3126 329 3197 infamique
341 3124 476 3180 munditia
487 3124 552 3191 luit;
571 3121 702 3194 quodque
721 3123 786 3176 item
804 3121 969 3176 Hortensius
988 3123 1081 3172 orator

86 3209 119 3263 ob
131 3210 267 3266 eiusmodi
280 3209 431 3266 munditias
443 3214 609 3282 gestumque
623 3207 652 3261 in
669 3207 780 3278 agendo
798 3205 965 3261 histrionum
976 3202 1081 3274 Diony-

87 3295 146 3348 siae
158 3295 344 3352 saltatriculae
356 3298 541 3366 cognomento
554 3288 736 3363 compellatus
750 3296 802 3348 est.

107 3414 394 3479 Demosthenen
424 3414 568 3476 traditum
591 3418 640 3472 est
666 3411 780 3474 uestitu
809 3417 976 3486 ceteroque
998 3409 1105 3471 cultul

54 3501 185 3572 comens
209 3501 303 3562 nitido
327 3507 524 3575 uenustoque
549 3495 702 3571 nimisque
727 3501 872 3556 accurato
894 3494 1000 3554 fuisse.
1044 3492 1085 3553 Et
