2436 3924
167 237 210 301 22
485 236 596 292 INDEX
623 234 894 291 CAPITVLORVM.

170 410 236 466 darn
250 409 279 466 C.
293 408 410 465 Gracchi
427 407 606 473 existImarit3
629 403 760 475 quodque
784 419 849 458 esse
872 419 935 458 eam
959 403 1019 457 sine
1038 402 1096 456 ullo
1117 418 1212 458 seusus

171 497 356 550 emolumento
371 492 507 547 docuerit.

252 578 337 635 XIIII.
360 576 460 633 Sobria
484 582 510 629 et
526 574 716 645 pulcherrima
731 573 842 628 Romuli
866 572 944 643 regis
965 571 1119 643 responsio
1143 571 1212 626 circa

171 664 228 719 uini
240 681 332 720 usum

253 748 316 803 XV.
336 748 377 802 De
395 743 548 801 ludibunde
566 748 593 799 el
612 742 770 798 errabundo
796 748 879 813 atque
899 741 929 798 id
953 758 1044 814 genus
1065 742 1212 795 uerborum

169 832 416 903 productionibus;
440 835 467 886 ol
479 827 555 901 quod
571 828 748 884 Laberius
726 846 766 883 sie
782 826 1005 884 amorahundam
1025 824 1113 893 dixit,
1132 828 1162 879 ut
1178 823 1215 895 di,

171 919 242 972 citur
252 915 408 973 ludibunda
421 921 448 971 et
465 911 640 980 errabunda;
663 919 747 985 atque
764 913 846 982 inihi,
865 912 942 984 quod
960 910 1083 968 Sisenna
1100 925 1154 981 per
1169 900 1215 963 luel

171 1000 327 1057 ruscemodr
340 1001 457 1056 uerbum
469 1016 544 1054 noua
555 998 646 1070 figura
658 1016 727 1053 usus
740 1005 791 1055 est
877 1021 879 1025 ·
1214 1000 1215 1027 ¹

253 1084 328 1139 XVI.
355 1083 437 1153 Quod
454 1084 625 1141 Graecorum
642 1085 792 1139 uerborum
810 1084 986 1155 quorundam
999 1081 1215 1137 difficillimaest

171 1170 200 1225 in
222 1170 348 1227 Latinam
370 1170 497 1241 linguam
518 1173 606 1223 mutat
608 1168 648 1234 ic,
674 1170 751 1223 uelut
772 1166 849 1239 quod
871 1167 978 1223 Graece
1002 1167 1106 1222 dicitur
1129 1162 1215 1235 notati

170 1243 375 1330 πραγμοσύνη.
539 1264 543 1271 ·

254 1338 340 1393 XVII.
364 1338 438 1406 Quid
450 1337 590 1410 significet
601 1339 629 1392 in
641 1337 783 1392 ueteribus
794 1342 958 1409 praetorum
970 1337 1086 1392 edictis:
1107 1334 1156 1406 qui
1169 1331 1215 1387 nur

170 1425 246 1478 mine
260 1423 379 1479 retanda
391 1425 503 1494 publice
515 1421 663 1492 redempta
673 1420 788 1477 habent.

254 1521 353 1576 XVIII.
376 1521 438 1588 Qua
448 1537 542 1592 poena
552 1521 643 1576 Draco
653 1518 836 1576 Atheniensis
849 1522 877 1575 in
888 1520 1016 1593 legibus,
1029 1535 1103 1591 quas
1115 1517 1215 1589 populo

169 1605 337 1662 Atheniensi
350 1607 477 1675 scripsit,
497 1607 573 1660 sures
587 1604 738 1674 adiecerit;
762 1611 789 1660 et
807 1622 863 1677 qua
879 1611 980 1678 postca
993 1606 1096 1671 Solon;
1122 1607 1149 1657 et
1166 1617 1215 1673 qua]

170 1691 235 1745 item
250 1690 404 1746 decemuiri
421 1692 524 1757 nostri,
547 1691 594 1760 qui
617 1688 767 1745 duodecim
789 1691 899 1746 tabulas
922 1689 1115 1761 scripserunt;
1139 1692 1211 1757 atque

171 1774 239 1832 inihi
259 1775 445 1846 adscriptum,
470 1774 546 1847 quod
570 1780 636 1845 aput
656 1773 772 1846 Aegypt
762 1775 816 1830 lios
839 1776 912 1831 lurta
929 1775 1007 1830 licita
1029 1780 1056 1830 et
1076 1768 1215 1844 permissa

172 1866 250 1930 sunl,
272 1866 338 1932 apul
350 1860 591 1916 Lacedaemonios
610 1862 702 1913 autem
721 1875 784 1914 oum
803 1858 895 1914 studio
908 1854 1019 1931 quoque
1036 1858 1210 1914 adfectatae!

170 1963 222 2017 pro
236 1947 370 2002 exercitio
385 1946 443 2001 utili
455 1946 613 2012 celebrata;
639 1959 671 1998 ao
683 1949 833 2013 praeterea
843 1945 882 1998 Μ.
896 1943 1009 2000 Catonis
1029 1943 1065 1997 de
1083 1941 1211 2014 poenien-

172 2031 242 2087 disl
229 2033 308 2089 lurtis
322 2031 410 2104 digna
421 2030 557 2086 memoria
572 2029 719 2084 sententia.
763 2041 765 2047 ’
1210 2042 1215 2049 ¹

403 2163 599 2224 CAPITVLA
628 2163 732 2224 LIBRI
759 2164 986 2226 DVODECIMI.

255 2282 277 2337 I.
299 2282 465 2338 Dissertatio
476 2283 608 2337 Fauorini
620 2282 797 2354 philosophi,
811 2298 867 2353 qua
880 2281 969 2336 suasit
981 2279 1066 2335 nobili
1085 2280 1211 2353 semmae,

171 2368 210 2422 uti
223 2368 341 2435 liberos,
367 2383 438 2438 quos
449 2368 624 2439 peperisset,
651 2384 708 2422 nou
719 2367 857 2422 nutricum
870 2366 1002 2433 aliarum,
1027 2363 1079 2420 sed
1100 2366 1155 2422 sibi
1169 2378 1212 2420 sno

172 2453 245 2506 lacte
262 2453 360 2508 aleret.

255 2549 288 2606 II.
312 2550 394 2619 Quod
404 2550 541 2606 Annaeus
555 2551 680 2618 Seneca,
704 2550 833 2607 iudicans
857 2549 892 2605 de
911 2550 946 2618 Q.
962 2549 1051 2605 Ennio
1073 2548 1168 2622 deque
1180 2546 1215 2619 hh

172 2636 276 2713 Tullio,
288 2637 345 2691 leui
358 2634 495 2708 futtilique
507 2634 611 2692 iudicio
624 2636 685 2691 luit.

147 2742 167 2799 0
254 2737 299 2792 ΙΙΙ.
320 2738 435 2795 Lictoris
447 2739 616 2793 uocabulum
628 2753 683 2808 qua
695 2737 803 2791 ratione
816 2742 981 2807 conceptum
999 2741 1149 2805 ortumque
1165 2736 1199 2790 sit
1206 2748 1215 2801 q

172 2828 199 2879 et
211 2839 295 2896 super
309 2839 342 2877 eo
355 2823 487 2880 diuersae
499 2822 656 2878 sententiae
667 2820 752 2893 Valgi
763 2820 827 2877 Rufi
839 2827 866 2877 et
876 2820 959 2876 Tullii
970 2817 1092 2873 Tironis.

254 2922 312 2977 IIII.
331 2924 440 2980 Versus
464 2923 573 2994 accepti
595 2939 631 2978 ex
647 2923 681 2991 Q.
699 2923 769 2978 Enni
792 2923 910 2994 septimo
935 2921 1092 2988 annalium,
1118 2921 1202 2992 quibu

172 3006 332 3079 depingitur
346 3008 494 3081 finiturque
507 3008 651 3081 ingenium
669 3009 842 3078 comitasque
861 3005 983 3062 hominis
1006 3005 1124 3060 minoris
1151 3020 1199 3075 erg

171 3094 293 3148 amicum
307 3096 492 3166 superiorem.

254 3190 290 3244 V.
313 3190 411 3248 Sermo
423 3192 509 3248 Tauri
524 3191 687 3263 philosophi
706 3191 742 3245 de
761 3190 845 3245 modo
859 3196 942 3262 atque
954 3190 1065 3246 ratione
1076 3186 1213 3246 tolerand'

171 3275 277 3333 doloris
291 3277 445 3332 seeundum
458 3276 617 3333 Stoicorum
629 3277 755 3332 decreta.

254 3360 303 3415 VI.
323 3360 364 3416 De
376 3361 544 3433 aenigmate.

253 3445 314 3498 VII.
335 3445 425 3513 Quam
436 3448 471 3501 ob
489 3462 606 3502 causam
619 3444 668 3501 Cn.
680 3446 827 3501 Dolabella
842 3446 994 3516 proconsul
1017 3461 1096 3503 reem
1119 3447 1213 3503 mulie·

168 3547 229 3586 rem
241 3529 371 3585 ueneficii
387 3529 621 3602 confitentemque
634 3530 670 3587 ad
682 3530 865 3601 Ariopagitas
877 3530 1017 3584 reiecerit.
