2456 3918
127 179 209 278 ‘104
565 206 601 269 ΙΙ.
624 225 697 270 xxv.
719 225 806 270 xxv1.

122 380 299 462 lpinxi’.
345 381 540 454 Cumque,
569 375 683 453 inquit,
706 395 724 438 a
747 383 892 441 ‘ceno’
920 382 1184 456 et‘prandeo’
1215 379 1217 456 ἶ

148 477 189 531 et
212 470 369 546 ‘poto',
400 470 439 525 et
458 465 651 524 ‘cenatus
677 467 783 525 sum’
814 471 852 524 et
874 469 1068 541 ‘pransus
1094 471 1184 527 sum’

125 562 185 616 -et
214 559 363 630 ‘potus
387 550 491 611 sum’
516 545 704 623 dicamus,
728 564 747 608 a
769 548 1046 626 ‘destringor’
1070 556 1185 611 tamen

148 647 187 700 et
213 635 476 711 ‘extergeor'
499 638 538 692 et
565 633 744 706 ‘lauor’‚
775 632 1020 695 ‘destrinxi’
1051 641 1089 695 et
1112 638 1186 694 ‘ex-

122 721 275 786 stersi’
300 727 337 782 et
359 716 480 779 ‘leui’
512 713 685 778 dicimus.
736 719 829 781 Item
852 735 932 780 curn
956 718 1131 780 dicamus
1151 719 1187 778 ab

149 809 307 879 ‘Osco’‚
345 805 529 874 ‘Tusco',
566 802 777 878 ‘Graeco’‚
813 803 978 878 ‘Osce’,
1014 806 1186 874 ‘Tusce'‚

149 893 355 962 *Graecam
378 903 397 947 a
421 887 574 948 ‘Gallo’
596 892 730 948 tamen
754 894 792 948 et
814 889 985 951 ‘Mauro’
1011 887 1186 950 ‘Gallice’

148 985 187 1042 el
211 973 416 1036 ‘Maurice’
441 970 627 1045 dicimus3
652 971 745 1033 item
775 974 1002 1050 a‘prohus’
1028 973 1188 1050 ‘probet

150 1062 344 1123 ‘doctus’
376 1058 556 1128 ‘docte’,
583 1057 652 1117 sed
683 1062 736 1130 [a]
765 1061 926 1120 ‘rarus’
951 1075 1026 1120 non
1054 1057 1190 1118 dicitur
1217 1135 1218 1140 ἵ

149 1149 298 1219 ‘rare',
330 1143 399 1206 sed
422 1139 492 1201 alii
518 1145 658 1202 ‘raro'
681 1140 835 1216 dicunt,
865 1142 933 1203 alii
961 1146 1188 1204 ‘rarenter'.

121 1232 225 1296 elude
247 1231 289 1290 M.
312 1230 438 1288 Varro
461 1225 498 1285 in
527 1226 664 1286 eodem
692 1225 811 1288 libro:
839 1226 1061 1302 ‘Sentior'‚
1091 1226 1189 1302 inquit,

150 1331 262 1377 nemo
291 1311 387 1372 dicit
418 1318 457 1372 et
482 1309 522 1370 id
550 1327 620 1387 per
646 1327 688 1372 se
710 1311 807 1372 nihil
830 1319 910 1386 est,
946 1311 1189 1374 ‘adsentior'

150 1409 276 1460 tamen
299 1398 385 1458 lere
419 1411 557 1456 omnes
583 1395 730 1458 dicunt.
775 1396 942 1459 Sisenna
974 1413 1075 1458 unus
1110 1396 1191 1455 ‘ad-

151 1481 304 1545 sentio’
337 1481 375 1541 in
407 1486 549 1541 senatu
573 1479 730 1542 dicebat
756 1488 793 1542 et
818 1499 900 1543 eum
923 1488 1068 1559 postea
1093 1479 1191 1542 multi
1217 1481 1218 1526 3

152 1566 302 1640 secuti,
340 1581 467 1641 neque
507 1571 635 1626 tamen
669 1565 831 1627 uincere
865 1564 1191 1628 consuetudinem

110 1660 219 1754 lopot
206 1657 376 1714 t.uerunt
427 1649 491 1710 Sed
513 1647 595 1710 idem
612 1650 772 1713 Varro
764 1669 796 1711 m
825 1650 893 1712 aliis
916 1651 1000 1712 libris
1023 1653 1121 1711 multa
1143 1665 1218 1743 pro

111 1729 316 1820 ιιάναλογίᾳ
338 1735 457 1798 tuenda
479 1733 614 1833 scripsit
660 1735 739 1797 Sunt
726 1735 1050 1816 tigituriitamquam
1063 1734 1125 1796 loci
1138 1731 1193 1808 qui-

154 1823 224 1884 dam
237 1836 428 1895 communes,
438 1826 548 1881 contra
561 1809 748 1899 ἀναλογίαν
759 1819 864 1882 dicere
880 1819 993 1882 etitem
1005 1837 1132 1881 rursum
1143 1834 1191 1895 pro

154 1899 326 1992 ἀναλογίᾳ.

624 2059 736 2123 XXVl.

155 2182 308 2239 Sermones
319 2182 358 2236 M.
374 2182 524 2238 Frontonis
543 2189 571 2238 el
581 2183 714 2240 Fauorini
731 2181 894 2255 philosophi
907 2181 942 2238 de
955 2183 1109 2256 generibus
1128 2183 1195 2238 colo·

197 2283 260 2321 rum
278 2267 482 2337 uocabulisque
502 2283 600 2323 eorum
613 2268 729 2324 Graecis
747 2273 774 2323 el
785 2267 909 2337 Latinis3
934 2274 1016 2338 atque
1037 2267 1107 2324 inibi
1127 2267 1195 2323 color

198 2349 302 2422 spadix
314 2349 474 2406 cuiusmodi
488 2351 534 2407 sit.

130 2507 144 2557 1
220 2497 444 2561 Fauorinus
470 2500 694 2578 philosophus,
730 2516 800 2562 cum
829 2501 870 2561 ad
895 2500 936 2561 M.
967 2501 1198 2563 Frontonem

158 2586 368 2658 consularem,
388 2583 521 2661 pedibus
533 2602 676 2662 aegrum
693 2601 797 2647 ursum
808 2592 882 2660 ire
854 2583 1001 2646 tuoluit
988 2591 1061 2647 me
1074 2600 1199 2663 quoque

128 2669 197 2732 aad
210 2685 281 2729 eum
295 2684 403 2730 secum
414 2667 470 2730 ire.
515 2672 563 2731 Ac
575 2669 703 2742 deinde,
726 2686 797 2732 cum
808 2668 850 2730 ibi
863 2676 939 2747 aput
950 2671 1219 2741 Frontonem,

153 2753 313 2830 plerisque
330 2753 407 2814 uiris
419 2753 502 2815 doct
481 2761 521 2816 trs
538 2754 773 2832 praesentibus
799 2770 963 2816 sermones
984 2756 1024 2815 de
1043 2755 1219 2817 coloribus
1218 2767 1219 2802 l

154 2837 381 2934 uocabulisque
396 2854 505 2901 eorum
518 2838 721 2915 agitarentur,
736 2840 821 2916 quod
829 2839 993 2938 multiplex
1006 2841 1150 2902 colorum
1163 2840 1199 2898 la·

127 2932 144 2985 3
156 2938 229 2995 cres
242 2922 467 2998 appellationes
480 2930 583 2984 autem
593 2923 730 2985 incertae
742 2931 773 2986 et
787 2924 920 3000 exiguae
935 2926 1037 2986 forent
1025 2931 1051 2985 t:
1074 2927 1199 3002 plura’,

152 3006 253 3082 inquit
270 3011 368 3067 ‘sunt’
383 3007 615 3082 Fauorinus,
636 3007 686 3068 ‘in
699 3009 845 3071 sensibus
859 3011 1038 3083 oculorum,
1059 3027 1155 3084 quam
1173 3006 1200 3066 in

122 3089 258 3152 tuerbis
269 3090 466 3166 nucibusque
477 3094 618 3154 colorum
634 3092 821 3154 discrimina.
857 3095 946 3167 Nam,
958 3101 993 3155 ut
1005 3092 1079 3155 alias
1093 3109 1201 3155 eorum

154 3175 379 3240 concinnitates
395 3175 582 3251 omittamus
596 3177 754 3254 simplices
766 3177 831 3252 isti,
844 3181 932 3240 rufus
945 3177 1104 3252 etunius,
1119 3181 1202 3239 colo·

153 3277 204 3322 res
214 3261 335 3338 singula
346 3259 471 3337 quidem
482 3263 645 3335 uocabula,
653 3265 765 3324 multas
777 3269 880 3324 autem
893 3263 1016 3340 species
1030 3261 1202 3325 differentis

123 3345 276 3406 shabent.
320 3347 426 3422 Atque
444 3361 512 3406 eam
530 3363 643 3407 uocum
660 3345 797 3424 inopium
815 3347 847 3408 in
866 3347 970 3424 lingua
985 3347 1084 3424 magis
1094 3347 1203 3408 Latina

153 3428 263 3504 uideo,
284 3445 377 3506 quam
387 3429 418 3489 in
432 3430 559 3490 Graeca.
606 3429 726 3507 Quippe
738 3432 791 3508 qni
803 3436 814 3468 ‘
822 3433 929 3493 rulus'
942 3434 1043 3504 color,
1056 3449 1075 3492 a
1086 3431 1203 3493 rubore

154 3513 280 3589 quidem
292 3515 465 3592 appellatus
479 3521 536 3588 est,
550 3515 607 3575 sed
621 3531 691 3576 cum
702 3516 790 3576 aliter
802 3517 912 3578 rubeat
923 3515 1018 3592 ignis,
1033 3515 1120 3578 aliter
1133 3533 1203 3578 san-
