2456 3918
491 233 620 294 Luxu

537 401 575 461 X.

42 517 139 584 Quibus
155 520 251 574 uerbis
271 523 484 593 compellauerit
494 524 651 580 Fauorinus
669 523 856 599 philosophus
870 529 1079 589 adulescentem

298 622 382 662 casce
400 609 483 664 nimis
502 614 529 663 et
545 610 639 680 prisce
650 611 822 682 loquentem.

95 733 320 797 Fauorinus
341 736 548 814 philosophus
573 739 779 812 adulescenti,
802 747 943 803 ueterum
965 745 1108 820 uerbo-1

39 837 98 878 rum
111 818 316 894 cupidissimo
330 827 361 881 et
371 823 539 899 plerasque
550 840 649 886 uoces
661 824 751 886 nimis
767 824 887 901 priscas
906 833 938 886 et
954 827 1076 903 ignotas

38 903 62 962 in
74 903 239 965 cotidianis
253 905 531 983 communibusque
552 908 748 970 sermonibus
767 911 977 986 expromenti:
1002 914 1078 973 ‘Cu

38 988 236 1064 rins’,inquit,
250 995 295 1050 ‘ct
303 990 461 1052 Fabricius
474 998 504 1052 et
513 993 733 1066 Coruncanius,
746 992 950 1070 antiquissimi
965 997 1032 1072 uiri,
1048 1005 1079 1059 et

37 1074 77 1133 his
89 1073 284 1149 antiquiores
293 1075 412 1137 Horatii
423 1075 465 1136 illi
476 1076 628 1154 trigemini
639 1079 731 1154 plane
745 1094 781 1138 ac
794 1077 927 1139 dilucide
935 1097 1004 1140 cum
1012 1082 1077 1143 suis

39 1158 157 1218 talrnlati
174 1165 249 1219 sunt
262 1176 364 1234 neque
375 1162 596 1223 Auruncorum
608 1169 661 1223 aut
675 1162 858 1225 Sicanorum
870 1170 923 1223 aut
932 1165 1076 1241 Pelasgo-

39 1261 107 1316 rum,
122 1243 175 1318 qui
187 1243 279 1319 primi
291 1243 425 1306 coluisse
437 1245 557 1306 ltaliam
566 1246 718 1321 dicuntur,
728 1247 785 1308 sed
797 1247 905 1308 aetatis
921 1265 997 1309 suae
1010 1266 1076 1310 ucr-

39 1328 77 1388 bis
89 1327 187 1388 locuti
199 1337 283 1388 sunt.
320 1330 364 1390 Tu
378 1333 490 1406 autem,
502 1330 634 1407 proinde
647 1332 736 1406 quasi
751 1349 820 1392 eum
832 1339 929 1392 matre
941 1333 1105 1396 Euandria

38 1429 112 1472 nunc
125 1415 270 1488 loquare,
283 1430 428 1476 sermone
440 1416 551 1476 abhinc
563 1414 666 1477 multis
679 1417 767 1476 annis
780 1415 840 1476 iam
855 1416 956 1477 desito
968 1417 1075 1491 uteriS,

39 1499 116 1573 quod
142 1497 227 1559 seire
249 1504 343 1574 atque
374 1499 552 1576 intellegere
582 1500 735 1560 neminem
763 1501 827 1573 uis,
862 1518 942 1576 quae
979 1502 1075 1562 dicas

38 1583 148 1656 Nonne,
162 1583 258 1645 homo
271 1583 385 1660 inepte,
398 1586 524 1661 utquod
537 1585 585 1646 uis
600 1585 722 1646 abunde
741 1586 954 1662 consequaris
967 1589 1076 1647 taces?

38 1667 93 1727 Sed
107 1667 322 1744 antiquitatem
335 1668 387 1730 tibi
398 1671 523 1746 placere
536 1669 592 1743 ais,
606 1670 691 1746 quod
704 1669 836 1731 honesta
848 1677 879 1731 et
891 1671 974 1731 bona
986 1677 1016 1732 et
1028 1683 1108 1736 so-3

38 1751 95 1811 bria
108 1759 139 1813 et
150 1753 298 1816 modesta
310 1751 359 1814 sit
403 1753 484 1814 Viue
496 1771 571 1830 ergo
584 1753 722 1816 moribus
734 1754 923 1830 praeteritis,
947 1757 1076 1831 loquere
1091 1767 1108 1818 4

38 1837 133 1899 uerbis
145 1837 365 1914 praesentibus
378 1845 472 1914 atque
483 1839 523 1911 id,
539 1839 623 1916 quod
638 1855 657 1898 a
670 1840 700 1898 C.
717 1841 901 1913 Caesare,
925 1841 1076 1899 excelleu-

37 1921 69 1982 tis
90 1921 206 2000 ingenii
230 1937 267 1982 ac
293 1923 476 1998 prudentiae
495 1923 581 1998 uiro,
605 1923 793 1999 inprime
820 1924 869 1983 de
894 1922 1077 1998 analogia

38 2007 129 2068 tihro
172 2007 322 2083 scriptum
357 2014 422 2082 est,
455 2008 535 2068 habe
559 2024 684 2084 semper
705 2007 735 2066 in
758 2006 907 2068 memoria
929 2013 1022 2082 atque
1045 2006 1075 2064 in

37 2099 177 2166 pectore,
209 2099 244 2152 ut
270 2098 460 2169 tamquam
491 2095 723 2169 scopulum,
758 2090 814 2151 sie
849 2091 979 2166 fugias
1012 2089 1075 2150 in-

39 2177 205 2237 auditum
228 2183 346 2252 atque
371 2177 554 2238 insolens
585 2177 797 2250 uerbum'„

528 2345 579 2406 XI.

41 2467 325 2540 QuodThucydides,
349 2469 468 2540 scriptor
480 2469 606 2536 inclitus,
629 2467 870 2525 Lacedaemonios
893 2470 920 2523 in
939 2469 1000 2526 acie
1018 2483 1074 2522 non

77 2555 149 2622 tuba,
158 2553 211 2610 sed
221 2553 295 2609 tibiis
306 2569 371 2608 esse
383 2570 451 2609 usos
465 2553 541 2620 dicit,
551 2557 692 2626 uerbaque
706 2556 766 2610 eius
778 2569 864 2626 super
876 2569 910 2607 ea
922 2569 952 2608 re
964 2553 1074 2625 posita;

77 2638 206 2710 quodque
224 2637 383 2693 Herodotus
394 2639 537 2711 Alyattem
557 2655 653 2710 regem
670 2639 799 2695 fidicinas
817 2639 845 2694 in
862 2638 1008 2708 procinctu
1024 2637 1075 2691 ha-

77 2724 169 2778 buisse
191 2721 292 2790 tradit3
317 2728 399 2793 atque
423 2723 489 2778 inibi
512 2723 652 2794 quaedam
674 2729 770 2779 notata
787 2721 822 2777 de
842 2721 961 2777 Gracchi
979 2721 1074 2774 fistula

80 2807 262 2862 contionaria.

100 2939 218 2997 Auctor
238 2935 388 2998 historiae
413 2938 549 2998 Graecae
574 2937 778 3014 grauissimus
807 2935 1103 3014 Thucydides,1

45 3019 309 3094 Lacedaemonios
319 3023 643 3096 summosbellatorcs,
652 3040 714 3082 non
729 3038 878 3084 cornuum
890 3023 1080 3082 tubarumue'

45 3102 142 3178 signis,
154 3105 211 3166 sed
223 3104 366 3170 tibiarum
378 3106 511 3167 modulis
524 3107 554 3167 in
567 3106 693 3184 proeliis
703 3122 774 3167 csse
786 3123 873 3180 usos,
887 3107 997 3166 reteri:
1012 3121 1074 3167 non

46 3204 164 3260 prorsus
176 3206 215 3250 ex
227 3189 331 3265 aliquo
351 3188 412 3250 ritu
430 3191 611 3266 religionum
630 3207 732 3266 neque
754 3189 799 3250 rei
822 3190 944 3251 diuinae
967 3187 1073 3263 gratia,

47 3288 138 3348 neque
149 3280 251 3334 autem
262 3279 297 3334 ut
309 3273 518 3336 excitarentur
529 3281 623 3351 atque
636 3273 965 3345 euibrarenturanimi,
990 3271 1074 3346 quod

49 3371 153 3419 cornua
165 3364 195 3418 ct
207 3357 272 3418 litui
284 3358 461 3434 moliuntur,
475 3361 533 3421 sed
545 3364 669 3432 contra,
683 3364 717 3418 ut
728 3357 954 3420 moderatiores
967 3356 1074 3418 modu·

50 3439 223 3518 latioresque
236 3441 362 3516 fierent,
378 3445 462 3519 quod
473 3443 605 3505 tibicinis
618 3442 753 3504 numeris
766 3447 965 3519 temperatur.
1000 3438 1077 3501 Nihil
1089 3449 1105 3500 2

51 3523 120 3586 adeo
130 3526 157 3586 iu
169 3526 405 3601 congrediendis
417 3529 559 3590 hostibus
573 3536 665 3604 utque
676 3527 706 3586 in
719 3525 886 3668 principiis1
885 3525 1072 3642 proeliorum
1165 3586 1170 3596 ‚
