2456 3918
118 201 180 267 118
516 203 565 262 111.
584 219 631 263 111.
650 218 710 262 1111.
726 219 757 261 v.

118 389 177 451 ops
192 374 323 434 Romam
337 369 472 432 redisset
491 377 522 432 et
544 371 584 431 ob
606 370 817 447 quaerendum
835 368 951 431 uictum
970 369 1010 430 ad
1026 367 1152 430 circum-

118 458 255 534 agendas
275 457 389 529 molas,
416 471 496 532 quae
518 455 709 516 ‘trusatiles’
731 456 939 533 appellantur,
962 469 1090 530 operam
1111 453 1153 531 pi·

118 541 196 604 stori
210 543 357 603 locasset.

74 638 109 692 15
182 625 279 690 Sicuti
298 625 337 686 de
351 623 494 686 Naeuio
516 640 642 701 quoque
662 623 855 700 accepimus,
882 623 1001 684 fabulas
1024 640 1096 684 eum
1123 623 1153 683 in

117 727 243 772 carcere
260 711 337 771 duas
355 707 536 786 scripsisse,
553 707 750 770 Hariolum
766 713 798 768 ct
814 707 1010 781 Leontem,
1029 723 1099 769 cum
1114 708 1154 768 ob

117 795 275 858 assiduam
291 792 538 855 maledicentiam
553 798 584 854 et
600 793 716 869 probra
729 792 761 854 in
776 790 933 868 principes
952 790 1100 866 ciuitatis,
1116 792 1156 850 de

118 881 307 942 Graecorum
320 883 484 954 poetarum
499 893 586 940 more
600 876 696 952 dicta,
712 876 743 938 in
758 875 883 938 uincula
893 877 1010 937 Romae
1022 875 1156 938 atrium-

115 965 190 1025 uiris
207 961 366 1024 coniectus
384 969 478 1024 esset.
503 962 592 1022 Unde
606 969 681 1039 post
696 960 858 1023 atribunis
876 960 975 1038 plebis
991 967 1156 1037 exemptus

117 1055 179 1120 est,
198 1065 267 1110 oum
282 1048 313 1109 in
327 1048 391 1122 his,
413 1064 490 1124 quas
505 1063 601 1124 supra
617 1045 694 1121 dixi,
717 1046 841 1120 tabulis,
859 1043 971 1106 delicta
985 1062 1044 1106 sua
1057 1052 1090 1106 et
1102 1062 1157 1122 pe·

116 1133 262 1195 tulantias
278 1133 446 1207 dictorum,
466 1131 578 1208 quibus
594 1133 708 1194 multos
724 1137 795 1192 ante
809 1133 956 1204 laeserat,
980 1129 1132 1192 diluisset.

602 1302 664 1362 llll.

119 1423 201 1492 Quod
217 1425 248 1478 P.
262 1423 396 1479 Africano
412 1427 439 1477 et
455 1424 518 1479 aliis
534 1430 599 1480 tunc
615 1425 684 1480 uiris
700 1424 839 1481 nobilibus
855 1428 920 1478 ante
936 1428 1056 1478 aetatem
1074 1439 1158 1477 sene·

262 1513 335 1563 ctam
352 1509 467 1563 barbam
484 1513 511 1564 el
526 1525 614 1580 genas
629 1509 731 1564 radere
749 1525 811 1563 mos
828 1507 936 1580 patrius
953 1508 1012 1562 luit.

89 1659 104 1710 1
180 1637 362 1713 inlibris,
382 1637 1160 1714 quosdeuitaP.ScipionisAlricanicom-

118 1723 240 1801 positos
255 1722 400 1799 legimus,
417 1724 565 1800 scriptum
579 1741 651 1786 esse
665 1721 950 1797 animaduertimus,
961 1724 994 1784 P.
1008 1722 1159 1798 Scipioni,

118 1807 203 1870 Pauli
223 1807 303 1881 filio,
326 1815 491 1885 postquam
514 1809 554 1868 dc
576 1808 689 1870 Poenis
711 1807 954 1884 triumphauerat
980 1824 1160 1884 censorque

119 1896 232 1966 luerat,
257 1891 337 1953 diem
354 1892 469 1954 dictum
486 1909 558 1954 esse
575 1894 615 1953 ad
629 1894 779 1970 populum
794 1909 812 1952 a
829 1891 953 1954 Claudio
970 1893 1089 1965 Asello,
1107 1894 1161 1952 tri-

118 1979 203 2040 buno
220 1977 335 2054 plebis,
355 1977 404 2039 cui
419 1995 533 2052 equum
548 1977 724 2039 incensum
739 1978 909 2050 ademerat,
926 1991 1068 2052 eumque,
1086 1993 1161 2038 cum

120 2069 205 2126 esset
223 2079 311 2134 reus,
336 2078 438 2137 neque
458 2062 585 2122 barbam
603 2061 724 2122 desisse
739 2061 805 2122 radi
822 2077 925 2138 neque
944 2078 1006 2122 non
1023 2061 1162 2122 candida

90 2152 208 2208 aueste
225 2146 270 2206 uti
285 2162 386 2220 neque
402 2145 499 2207 luisse
516 2149 599 2207 cultu
615 2146 707 2207 solito
724 2163 859 2208 reorum.
904 2146 967 2207 Sed
982 2161 1052 2206 cum
1068 2145 1098 2207 in
1120 2165 1159 2208 eo

117 2237 260 2307 tempore
282 2229 459 2306 Scipionem
484 2229 634 2293 minorem
660 2231 863 2308 quadraginta
888 2247 1038 2293 annorum
1058 2231 1160 2294 luisse

120 2319 292 2387 constaret,
315 2315 401 2389 quod
423 2315 463 2376 de
483 2316 580 2376 barba
598 2333 671 2377 rasa
690 2315 732 2376 ita
752 2316 901 2394 scriptum
922 2323 1007 2376 esset
1026 2314 1161 2377 miraba-

91 2411 198 2463 3mur.
227 2398 440 2475 Comperimus
453 2406 556 2461 autem
568 2408 690 2462 ceteros
707 2419 833 2478 quoque
846 2401 876 2462 in
892 2401 993 2462 isdem
1010 2403 1162 2478 tempori-

117 2486 177 2545 bus
193 2482 313 2545 nobiles
328 2483 414 2546 uiros
429 2485 555 2546 barbam
570 2486 601 2547 in
620 2485 772 2548 eiusmodi
787 2493 887 2548 aetate
905 2484 1097 2559 rasi-lauisse,
1115 2487 1161 2547 id-

118 2569 265 2646 circoque
285 2569 453 2646 plerasque
472 2571 622 2648 imagines
647 2577 803 2645 ueterum,
830 2588 892 2633 non
918 2571 1087 2632 admodum
1111 2589 1162 2634 se-

118 2673 205 2727 num,
223 2653 280 2716 sed
296 2652 327 2714 in
343 2655 444 2718 medio
462 2656 587 2729 aetatis,
604 2655 646 2716 ita
661 2657 757 2718 lactas
773 2655 926 2718 uidemus.

619 2825 658 2888 V.

117 2949 287 3004 Deliciarum
303 2949 400 3004 uitium
424 2955 451 3005 et
473 2949 604 3005 mollities
620 2933 764 3005 oculorum
786 2955 814 3004 et
831 2949 958 3020 corporis
974 2951 1009 3005 ab
1025 2949 1162 3006 Arcesila

181 3032 352 3105 philosopho
367 3034 479 3090 cuidam
497 3034 671 3106 obprobrata
681 3035 783 3090 acerbe
798 3035 881 3089 simul
896 3039 923 3088 et
938 3034 1086 3090 lesliuiter.

89 3175 105 3228 1
177 3165 407 3226 Plutarchus
429 3167 536 3239 refert,
557 3163 800 3226 Arcesilaum
821 3165 1042 3242 philosophum
1061 3165 1163 3225 uehe-

116 3248 210 3310 menti
225 3250 322 3311 uerbo
337 3267 429 3311 usum
442 3265 514 3311 esse
530 3250 568 3310 de
581 3250 717 3324 quodam
732 3249 820 3310 nimis
834 3249 965 3311 delicato
983 3248 1087 3322 diuite,
1104 3249 1162 3324 qui

87 3332 315 3410 aincorruptus
331 3341 433 3394 tamen
450 3341 480 3394 et
494 3351 513 3393 a
527 3341 636 3410 stupro
653 3334 773 3410 integer
788 3333 960 3402 dicebatur,
992 3335 1068 3394 Nam
1084 3350 1164 3394 cum

115 3434 227 3478 uocem
245 3418 310 3478 eius
331 3419 491 3479 infractam
506 3418 712 3494 capillumque
730 3425 795 3480 arte
811 3419 1018 3495 compositum
1037 3425 1069 3479 et
1082 3434 1164 3480 ocu·

115 3501 163 3561 los
181 3502 368 3563 ludibundos
384 3506 477 3577 atque
498 3502 673 3562 inlecebrae
696 3502 928 3580 uoluptatisque
942 3505 1054 3579 plenos
1069 3502 1163 3564 uide-
