2456 3918
150 203 210 268 106
594 205 635 264 ll.
659 221 746 263 xxvi.

148 373 343 433 et‘suluum’
357 372 528 447 puluerem.
568 370 659 432 Cuius
677 388 806 446 uersus,
826 369 972 448 quoniam
991 379 1063 434 sunt
1083 371 1183 434 iucun-

148 455 280 530 dissimi,
298 455 398 516 libens
411 454 619 519 commemini:

190 571 289 635 Ce⁴do
309 579 439 646 tu[u]nr
454 571 591 649 pedem
609 572 695 648 [mi],
714 574 884 653 lymphis
904 573 1024 637 llauis
1042 577 1182 636 tulunm

759 667 799 721 ut
820 658 1023 738 puluerem

187 739 361 803 Manibus
383 741 524 815 isdem,
549 737 687 818 quibus
710 743 815 842 Vlixi
838 742 956 822 sa'epe
978 742 1181 820 permulsi,

187 905 561 988 Lassitudine'mque
589 829 983 1057 minunmzlmltlrffir'un
1010 910 1181 974 mollito.

786 1015 856 1059 me.

105 1138 182 1195 14.Ιό
196 1129 371 1193 ‘Rabidos’
393 1139 527 1195 autemst
542 1135 630 1195 rufus
649 1133 744 1196 atrior
756 1140 787 1194 et
805 1132 929 1209 nigrore
941 1133 1037 1192 multo
1051 1130 1180 1210 inustus,

147 1218 275 1277 ‘luteus’
285 1223 393 1277 contra
403 1219 490 1279 rulus
504 1219 592 1281 color
603 1218 797 1279 estdilutior:
809 1216 883 1277 inde
894 1215 922 1276 ei
933 1231 1046 1278 nomen
1060 1233 1181 1292 quoque

104 1305 136 1364 16
144 1315 215 1362 esse
235 1302 349 1361 tactum
365 1299 496 1366 uidetur.
541 1305 608 1365 Non
620 1302 741 1379 igitur',
761 1301 875 1378 inquit,
896 1301 958 1360 ‘mi
974 1300 1181 1372 Fauorine,

146 1383 268 1461 species
282 1385 340 1445 rufi
352 1386 466 1447 coloris
479 1387 585 1464 plures
597 1394 673 1464 aput
685 1388 838 1461 Graecae,
863 1401 955 1462 qaam
967 1389 1041 1460 aput
1053 1400 1115 1446 nos
1133 1402 1181 1444 no·

104 1468 306 1532 llminantur.
351 1469 414 1531 Sed
427 1488 466 1531 ne
477 1471 584 1532 uiridis
598 1471 723 1548 quidem
735 1473 822 1534 color
833 1469 1004 1548 pluribusa
1021 1468 1114 1531 uobis
1133 1486 1181 1529 uo·
1216 1535 1217 1538 Ἴ

104 1562 137 1617 18
145 1553 261 1615 cabulis
275 1553 400 1629 dicitur,
413 1572 515 1633 neque
527 1573 590 1617 non
602 1555 833 1632 potuitVergi
842 1554 939 1629 lius,
961 1555 1101 1615 colorem
1115 1552 1182 1628 equi

145 1638 320 1715 significare
339 1639 469 1700 uiridem
490 1642 617 1713 uolens,
649 1641 806 1701 caerulum
834 1639 932 1714 magis
955 1637 1061 1698 dicere
1083 1654 1180 1708 ecum,
1216 1633 1217 1652 ¹

146 1739 238 1798 quam
250 1726 440 1800 ‘glaucum
454 1726 511 1786 sed
523 1724 628 1786 maluit
638 1725 736 1786 uerbo
748 1723 793 1785 uti
807 1723 929 1785 notiore
940 1723 1078 1794 Graeco,
1092 1738 1182 1797 quam

103 1807 287 1872 loinusitato
299 1808 419 1871 Latino.
452 1810 572 1874 Nostris
585 1815 687 1871 autem
698 1807 856 1869 ueteribus
877 1806 1016 1868 ‘caesia’
1031 1804 1115 1866 dicta
1127 1813 1180 1876 est,

144 1893 394 1968 quaeeGraecis
407 1895 647 1974 ‘placentam
669 1891 959 1969 utNigidiusait,
982 1891 1027 1950 de
1046 1891 1182 1951 colore

145 1977 265 2051 caeli,
295 1977 409 2054 quasi
431 1979 566 2040 caelia.

100 2070 135 2123 20
203 2062 731 2138 PostquamhaecFrontodixit,
754 2069 819 2123 tum
838 2058 1064 2122 Fauorinus
1084 2059 1181 2120 scien·
1215 2133 1216 2142 ἵ

143 2145 214 2205 tiam
225 2161 328 2205 rerum
339 2145 466 2205 uberem
486 2146 717 2223 uerborumque
734 2146 801 2208 eius
819 2143 1002 2221 elegantiam
1022 2145 1181 2206 exoscula-

140 2236 206 2289 tus:
230 2228 363 2304 ‘absque
374 2232 428 2302 te',
441 2228 548 2305 inquit,
562 2234 641 2292 ‘uno
654 2231 782 2292 forsitan
795 2229 899 2306 lingua
909 2231 1050 2306 prolecto
1065 2229 1181 2288 Graeca

141 2315 233 2388 longe
245 2311 408 2386 anteisset,
423 2313 480 2374 sed
491 2320 539 2388 tu,
553 2315 594 2374 mi
610 2316 777 2388 Fronto,
802 2315 886 2390 quod
897 2312 928 2373 in
940 2329 1035 2374 uersu
1046 2313 1181 2375 Home-

141 2396 223 2457 rico
237 2403 299 2470 est,
311 2395 342 2456 id
355 2395 445 2457 lacis:
466 2388 680 2478 colvenerii
698 2394 924 2479 παρέλασσας,
936 2386 957 2476 ἢ
970 2387 1181 2476 ἀμφήριστον

100 2478 276 2558 ardennae.
322 2479 387 2540 Sed
410 2497 480 2542 cum
505 2481 608 2544 omnia
628 2481 727 2545 libens
752 2482 868 2556 audiui,
894 2498 974 2557 quoe
996 2480 1182 2558 peritissime

141 2564 260 2638 dixisti,
283 2571 348 2625 tum
360 2565 502 2641 maxime,
522 2568 607 2643 quod
617 2568 799 2629 uarietatem
815 2566 889 2627 flaui
902 2565 1015 2627 coloris
1028 2564 1181 2625 enarrasti

140 2649 317 2725 fecistique,
342 2656 376 2710 ut
398 2649 608 2726 intellegerem
630 2652 728 2714 uerba
753 2651 804 2712 illa
820 2668 865 2712 ex
888 2649 1015 2710 annali
1038 2656 1179 2724 quarto
1214 2669 1215 2700 1

141 2733 292 2796 decimo
311 2732 425 2794 Ennii
437 2735 670 2810 amoenissima,
687 2753 767 2812 quae
781 2734 904 2796 minime
915 2733 1149 2808 intellegebam:
1214 2763 1215 2794 l

181 2850 354 2911 Verrunt
392 2855 598 2930 extemplo
637 2851 801 2928 placide
839 2867 943 2911 mare
966 2865 1180 2992 slmarmore

998 2949 1088 3006 auo,

182 3017 408 3079 Caeruleum
444 3028 596 3096 spumat
628 3037 733 3080 mare
767 3020 950 3081 conserta
977 3024 1060 3076 rate
1089 3019 1179 3093 pul-

957 3117 1059 3174 sum;

96 3240 199 3294 alnon
224 3230 304 3292 enim
326 3232 490 3296 uidebatur
513 3240 737 3298 caeruleum
766 3255 869 3298 mare
891 3254 961 3298 eum
989 3255 1179 3299 marmore

96 3317 238 3377 aeliano
263 3317 440 3379 conuenire.
486 3320 549 3381 Sed
562 3338 632 3382 oum
645 3322 698 3395 sit,
715 3322 757 3383 ita
768 3328 802 3382 ut
814 3321 927 3394 dixisti,
946 3322 1048 3384 flauas
1061 3324 1178 3383 colore
1213 3329 1214 3396 ,

137 3399 227 3460 uiridi
244 3407 274 3461 et
290 3403 360 3463 albo
378 3401 507 3477 mixtus,
530 3405 736 3480 pulcherrime
753 3422 884 3481 prorsus
903 3422 1030 3483 spumas
1047 3405 1177 3466 uirentis

138 3483 230 3543 maris
246 3484 380 3546 ‘ilauom
392 3492 543 3548 marmor'
556 3488 750 3564 appellauit’.
