2456 3918
175 212 217 278 84
603 215 776 275 ll.v1111.x.

652 382 745 446 Vllll.

178 511 259 580 Quod
282 511 357 567 idern
379 513 543 569 Plutarchus
570 515 693 570 euidenti
716 513 875 584 calumpnia
900 514 1017 569 uerbum
1040 517 1073 570 ab
1092 514 1197 587 Epicuro

528 597 630 654 dictum
651 599 803 654 insectatus
822 597 866 652 sit.

149 730 164 782 1
234 719 279 778 ln
308 719 440 778 codem
469 717 565 780 libro
594 719 676 780 idem
702 717 937 779 Plutarchus
964 721 1095 781 eundern
1122 720 1199 796 Epi·

176 818 304 863 curum
326 801 539 878 reprehendit,
563 804 648 878 quod
663 803 761 864 uerbo
777 819 855 864 usus
867 801 907 862 sit
922 817 1032 878 parum
1043 804 1168 880 proprio
1179 812 1202 864 ct

146 884 547 962 aalienaestgntficationis.
591 885 1083 986 ltuenimscribsitEpicurus:
1097 883 1201 988 Ὅρος

174 969 258 1031 τοῦ
281 965 484 1070 μεγέθους
506 972 595 1034 τῶν
618 961 824 1052 inoveo‘
806 990 828 1050 η
855 965 1007 1045 παντὸς
1027 971 1108 1034 rou‘
1134 963 1203 1033 ott-

175 1053 348 1154 γοῦντος
368 1045 654 1154 ὑπεξαίρεσις.
685 1056 802 1123 ‘Non’‚
827 1052 940 1131 inquit,
954 1047 1114 1130 ‘duneng
1140 1056 1202 1118 τοῦ

174 1129 422 1217 directuros,
449 1139 507 1201 sed
534 1131 763 1212 ‘devenerun
785 1129 962 1217 cityecvori’
989 1139 1092 1202 dicere
1122 1156 1204 1217 opor·

146 1222 241 1288 stult.
219 1222 418 1284 tt'Dctrac
397 1230 441 1285 ιο
453 1239 535 1284 enrrn
546 1222 750 1301 srgnrficanda
761 1229 810 1284 es
797 1222 959 1296 trieteris,
985 1227 1082 1298 non’‚
1104 1223 1203 1299 inquit,

176 1306 355 1370 ‘dolentis’.

142 1400 161 1454 4
234 1389 327 1453 Nimis
340 1391 455 1454 minute
471 1409 508 1454 ec
520 1409 620 1470 prope
637 1392 729 1453 etiarn
747 1389 917 1467 subfrigide
933 1391 1167 1454 Plutarchus
1183 1392 1205 1452 in

142 1474 336 1551 5Epicur0
359 1478 537 1538 accusando
561 1473 784 1556 λεξιθηρεῑ.
828 1473 1205 1538 Haseninrcurasuoeun

174 1560 404 1635 uerborumque
421 1560 589 1636 elegantias
602 1577 665 1622 non
677 1560 771 1622 modo
785 1577 848 1623 non
859 1565 997 1621 sectatur
1007 1557 1207 1636 Epicurus,

175 1643 338 1707 sedetiam
359 1643 537 1706 insectatur.

676 1797 714 1860 X.

175 1909 249 1978 Quid
265 1911 321 1967 sint
342 1912 450 1968 inuisae
464 1909 656 1984 Capitolinee;
677 1919 705 1967 et
725 1911 792 1982 quid
808 1927 892 1984 super
908 1928 942 1967 eo
959 1912 1045 1967 uerbo
1063 1913 1104 1968 Μ.
1124 1915 1214 1971 Varro

386 1995 485 2054 Seruio
509 1996 634 2069 Sulpicio
657 1996 802 2068 quaerenti
820 1997 1005 2068 rescripserit.

142 2156 158 2208 1
236 2143 398 2205 Seruius
417 2144 635 2221 Sulpicius,
658 2144 733 2208 iuris
746 2143 843 2207 ciuilis
855 2152 979 2220 auctor,
1001 2144 1050 2206 uir
1061 2144 1148 2207 bene
1159 2146 1207 2207 tite

174 2233 274 2300 ratus,
288 2227 412 2304 scripsit
423 2230 463 2288 ad
474 2230 514 2290 M.
526 2231 740 2292 Varronem
755 2229 954 2306 rogauitquc,
970 2236 1005 2292 ut
1016 2230 1209 2292 rescriberet

175 2309 249 2387 quid
267 2311 455 2386 significaret
469 2313 613 2389 uerbum,
637 2316 723 2390 quod
738 2313 774 2374 in
792 2311 991 2376 censoriis
1008 2312 1133 2376 libris
1147 2314 1211 2376 scri

145 2405 162 2457 a
174 2402 260 2471 ptum
274 2402 368 2457 essct.
389 2397 424 2458 ld
436 2404 502 2458 erat
512 2398 642 2460 uerbum
655 2397 786 2459 ‘lauisae
799 2397 1011 2474 Capitolinac’.
1031 2397 1163 2462 Varro
1176 2415 1208 2459 re

172 2477 305 2555 scripsit,
317 2479 348 2540 in
359 2481 508 2544 memoria
519 2481 577 2544 sibi
589 2499 675 2557 csse,
689 2482 775 2558 quod
786 2483 821 2558 Q.
835 2483 972 2555 Catulus,
986 2488 1118 2543 curator
1133 2483 1214 2544 resti

172 2563 279 2624 tuendi
291 2564 443 2643 Capitolii,
461 2566 606 2640 dixisset,
628 2566 771 2628 uoluisse
783 2583 819 2628 se
829 2581 933 2627 arcam
948 2565 1159 2642 capitolinam
1175 2569 1214 2628 dc

172 2647 320 2724 prirncrc,
338 2657 373 2713 ut
382 2651 523 2728 pluribus
535 2651 683 2727 gradibus
698 2650 729 2712 in
742 2651 852 2712 aedem
864 2651 1138 2712 conscenderetur
1150 2669 1214 2726 sug

172 2739 343 2808 gestusque
355 2752 412 2811 pro
429 2735 542 2811 fastigii
553 2734 762 2812 magnitudine
775 2733 865 2796 altior
875 2734 978 2808 fieret,
997 2734 1057 2796 sed
1068 2735 1184 2796 iacere
1198 2754 1216 2794 ι

141 2823 233 2877 enon
247 2817 371 2893 quisse,
394 2819 542 2894 quoniam
559 2819 713 2881 ‘fauisse’
727 2818 939 2896 impedissent.
983 2819 1020 2879 Id
1031 2835 1111 2881 esse
1126 2822 1204 2880 cell

173 2903 325 2975 quasdam
344 2909 375 2963 ct
396 2903 561 2978 cisternas,
590 2919 670 2980 quae
689 2901 720 2964 in
742 2919 814 2964 arca
833 2903 893 2964 sub
912 2909 996 2964 terra
1013 2911 1147 2977 essent,
1176 2923 1201 2965 u

171 2984 282 3060 reponi
294 2988 431 3048 solerent
443 2988 532 3063 signa
541 2995 666 3061 uetera,
689 3003 770 3064 quae
782 3004 822 3048 ex
836 3003 874 3048 eo
885 2988 1002 3063 templo
1015 2989 1169 3066 collapsa
1182 3006 1216 3048 e·

171 3075 256 3142 sent,
279 3075 335 3143 [c]t
352 3071 411 3130 ulia
427 3072 578 3148 quaedem
598 3071 769 3148 religi0s[a]
788 3069 908 3132 edonis
920 3072 1131 3136 consecratis.
1194 3094 1201 3111 ·

171 3152 284 3215 deinde
306 3155 440 3216 eadern
461 3155 633 3231 epistula
654 3161 749 3231 negat
761 3155 900 3232 quidem,
922 3172 958 3217 se
975 3155 1006 3216 in
1020 3155 1126 3219 literis
1138 3156 1216 3218 inu

170 3235 265 3311 nisse,
279 3255 335 3299 cur
346 3239 489 3300 ‘lauisae’
503 3238 603 3300 dictae
619 3238 689 3313 sint,
702 3239 1010 3315 sedQ.Valeriunt
1022 3239 1160 3304 Soran
1170 3259 1196 3302 u
1214 3276 1216 3293 ι

171 3321 296 3381 solitum
317 3323 421 3384 dicere
441 3321 496 3396 ait,
521 3340 601 3399 quos
622 3325 822 3386 ‘thesauros’
841 3325 958 3384 Gracco
971 3324 1103 3387 nomine
1115 3343 1212 3402 app

171 3405 320 3479 larenrus,
339 3405 461 3482 priscos
476 3407 602 3469 Latinos
622 3406 776 3468 ‘ilauisas'
792 3407 919 3481 dixisse,
936 3409 1022 3484 quod
1033 3407 1065 3469 ln
1080 3427 1144 3472 eos
1165 3428 1213 3470 n·

171 3487 248 3545 rude
271 3504 324 3549 aes
343 3495 581 3566 argentumque,
610 3491 667 3552 sed
689 3489 762 3551 itata
784 3491 966 3567 signataque
987 3493 1129 3568 pecunia
1152 3511 1206 3555 co
