2456 3918
457 193 479 252 Ι.
492 209 544 253 xx.
557 209 622 254 xxr.
1027 195 1068 259 65

48 355 147 419 numeri
157 358 354 434 aequabiliter
367 358 398 420 in
415 377 487 421 sese
503 360 648 434 soluitur,
668 361 760 423 sicuti
775 361 810 422 fit
829 379 898 425 eum
914 367 962 424 ter
977 371 1067 424 terna

47 445 178 504 ducuntur
188 449 280 518 atque
291 443 360 520 ipse
371 461 518 508 numerus
528 445 717 521 terplioatur.

97 525 185 588 Huius
203 527 323 588 numeri
341 529 453 592 cubum
472 531 713 608 Pythagoras
733 530 796 592 uim
815 531 932 592 habere
950 531 1090 593 lunarisd

44 610 134 674 oirouli
149 610 235 686 dixit,
254 613 340 689 quod
358 619 389 674 et
404 615 477 675 luna
488 615 596 677 orbem
612 632 703 678 suum
716 617 826 678 lustret
841 621 963 692 septem
982 622 1013 676 et
1024 616 1069 676 ui-

42 697 105 774 ginti
121 696 222 758 diebus
241 703 271 758 et
290 714 436 760 numerus
453 699 569 772 ternio,
588 698 640 776 qui
661 692 791 781 ‘spanis’
810 702 928 762 Graece
946 698 1068 772 dieitur,

41 783 202 842 tantundem
219 780 335 843 efficiat
350 781 380 842 in
394 785 486 845 tubo.
520 783 650 846 ‘Linea’
668 793 771 847 autem
788 783 934 847 anostris
948 781 1093 855 dicitur,l

41 883 121 942 quam
136 858 326 945 *γραμμὴν
341 867 449 928 Graeci
466 868 634 930 nominant.
667 871 743 932 Eam
760 872 800 931 M.
819 872 942 933 Varro
959 866 1003 928 ita
1018 868 1095 928 dea

39 952 109 1011 finit:
125 949 240 1011 Linea
262 959 334 1024 est,
349 951 461 1028 inquit,
480 953 682 1029 longitudo
700 956 887 1031 quaedam
910 953 993 1014 sine
1016 953 1069 1012 la-

38 1035 189 1096 titudine
205 1039 242 1095 et
253 1035 471 1098 altitudine.
483 1027 711 1117 Εὐκλείδης
723 1037 1093 1112 nutembreuiuspraee

38 1119 167 1181 tennissa
183 1117 356 1180 altitudine:
384 1115 564 1202 γραμμή,
587 1121 702 1200 inquit,
731 1129 779 1186 est
800 1122 925 1203 μῆκος
946 1111 1069 1183 ἄπλα-

36 1201 100 1277 τές,
127 1204 210 1280 quod
227 1203 400 1280 exprimere
418 1223 480 1269 uno
497 1205 606 1268 Latino
622 1207 720 1270 uerbo
737 1224 800 1270 non
813 1222 925 1284 queas,
944 1203 1003 1266 nisi
1017 1221 1069 1263 au-

37 1289 100 1349 deas
116 1288 217 1349 dioere
236 1286 436 1351 ‘inlatabile’.

506 1460 586 1521 XXI.

35 1575 105 1642 Quod
121 1577 206 1632 Iulius
226 1576 356 1649 Hyginus
375 1576 593 1635 affirmatissime
612 1579 771 1649 contendit,
794 1579 900 1650 legisse
920 1592 951 1631 se
968 1576 1068 1630 librum

66 1662 95 1715 P.
108 1661 226 1734 Vergilii
239 1660 437 1732 domesticum,
456 1663 527 1733 [ubi]
542 1665 676 1736 seriptum
688 1669 780 1721 esset:
799 1669 826 1716 el
839 1677 889 1717 ora
899 1659 989 1715 tristia
1000 1665 1068 1713 tem·

65 1751 189 1816 plantum
207 1761 296 1802 sensu
315 1748 455 1818 torquebit
478 1764 604 1820 amaror,
631 1765 687 1806 non
711 1748 787 1820 quod
812 1748 915 1818 uulgus
942 1745 1068 1814 legeret:

66 1847 148 1886 sensu
166 1831 306 1902 torquebit
322 1847 429 1888 amaro.

81 1962 202 2024 Versus
214 1960 294 2024 istos
315 1978 359 2022 ex
379 1959 773 2040 georgicisvergilii
795 1958 936 2039 plerique
954 1971 1093 2022 omnesl

30 2041 67 2103 sio
87 2046 208 2122 legunt:

62 2147 108 2205 At
130 2161 257 2224 sapor
278 2145 466 2209 indicium
491 2147 610 2209 saciet
633 2148 870 2210 manifestus
895 2152 935 2206 et
958 2160 1025 2206 ora

63 2229 208 2292 Tristia
232 2238 494 2309 temptantum
517 2249 638 2295 sensu
658 2229 867 2310 torquebit
890 2245 1037 2292 amaro.

29 2325 193 2404 Hyginus
228 2337 348 2406 autem,
377 2349 441 2400 non
463 2333 567 2393 herole
589 2331 731 2409 ignobilis
756 2330 993 2408 grammaticus,
1030 2327 1092 2390 ina

29 2415 332 2490 commentariis
356 2431 456 2493 quae
473 2417 742 2493 invergilium
765 2414 879 2489 lecit,
905 2413 1070 2476 confirmat

28 2503 50 2553 tt
68 2506 268 2574 perseuerat,
282 2518 345 2562 non
358 2502 419 2564 hoo
430 2519 449 2562 a
460 2501 640 2578 Vergilio
659 2502 816 2575 relictum,
830 2499 889 2566 sed
903 2499 988 2575 quod
998 2497 1067 2574 ipse

26 2577 167 2644 inuenerit
197 2585 231 2645 in
259 2585 354 2660 libro,
386 2586 438 2663 qui
466 2587 557 2648 luerit
587 2603 626 2648 ex
656 2587 749 2648 domo
775 2591 868 2662 atque
892 2600 932 2644 ex
955 2581 1068 2642 familia

26 2661 199 2744 Vergilii:

892 2769 1025 2826 litora

58 2849 206 2912 Tristia
229 2858 489 2929 temptantum
512 2867 633 2913 sensu
655 2847 863 2926 torquebit
881 2864 1044 2910 amaror.

26 2961 118 3043 Neque
138 2971 172 3032 id
202 2971 265 3034 soli
285 2971 453 3049 Hygino,
477 2971 535 3031 sed
557 2969 658 3031 doctis
678 2967 864 3044 quibusdam
883 2965 974 3028 etiam
993 2966 1093 3028 uiris3

27 3056 253 3131 conplacitum,
278 3056 424 3133 quoniam
451 3054 576 3116 uidetur
596 3053 732 3116 absurde
751 3051 811 3113 diei
833 3056 949 3129 ‘sapor
971 3069 1068 3113 sensu

25 3145 116 3198 amaro
137 3145 299 3218 torquet'.
332 3142 427 3202 ‘Cum
444 3139 541 3217 ipse’,
563 3138 720 3216 inquiunt,
745 3142 862 3214 ‘sapor
880 3153 993 3198 sensus
1018 3135 1066 3207 sit,

25 3229 77 3277 non
94 3223 195 3286 alium
214 3226 243 3286 in
263 3232 362 3287 semet
379 3224 449 3303 ipso
468 3241 596 3286 sensum
607 3225 719 3285 habeat
732 3239 769 3284 ao
779 3221 912 3299 proinde
925 3220 965 3282 sit
977 3218 1067 3296 quasi
1091 3235 1094 3246 ·

24 3295 135 3366 ditatur
156 3312 294 3372 ‘sensus
308 3325 403 3372 sensu
416 3326 521 3373 amaro
534 3315 660 3386 torquet
669 3313 703 3368 ”.
743 3305 901 3369 Sedenim
914 3304 1092 3366 orrmFa-4

22 3388 157 3475 utor-ino
182 3394 334 3473 Hygini
358 3394 612 3456 commentarium
633 3391 778 3469 legissem
802 3396 895 3466 atque
913 3389 943 3450 ei
964 3386 1067 3450 statim

25 3464 174 3544 dlsillicita
198 3487 284 3542 esset
306 3479 470 3542 insolentia
488 3486 519 3540 et
542 3477 712 3540 insuauitas
736 3474 816 3536 illius
839 3491 956 3536 sensu
986 3480 1068 3534 tor-

61 3556 178 3621 Gmnrvs
737 3640 738 3644 ἵ
840 3555 859 3616 5
