2456 3918
136 186 178 248 92
318 150 320 162 Α
552 185 701 246 llxvun.
714 201 767 244 xx.

109 367 209 420 rmus
227 351 389 415 ‘rescire’.
431 353 509 414 llam
527 349 580 428 qui
591 352 705 412 facturn
717 350 844 428 aliquod
857 351 1008 415 occultius
1019 352 1181 432 autinopi·

137 445 243 500 natum
255 438 508 515 insperatumque
520 435 698 512 cognoscit,
711 433 738 497 is
752 435 863 497 dicitur
873 436 1000 513 proprie
1013 441 1023 472 ³
1031 438 1178 501 rescire'.

14 547 19 555 ·
106 533 124 588 3
199 524 259 584 Cur
276 521 420 583 autemin
432 521 492 582 hoc
504 538 568 581 uno
581 520 678 581 uerbo
696 523 767 580 ‘re’
786 519 938 597 particula
947 521 1038 583 huius
1057 531 1178 584 senten·

109 607 198 670 etiae
210 606 272 668 uim
284 606 410 679 habeat,
424 605 569 682 equidem
580 604 681 665 adhuc
699 621 827 681 quaero.
858 603 958 666 Aliter
970 605 1051 666 enirn
1063 606 1177 666 dietum

138 708 209 753 esse
225 689 374 754 ‘nesciui’
389 694 443 750 aut
464 688 616 749 ‘rescire'
635 690 719 765 apud
731 705 805 762 em,
830 687 883 766 qui
904 687 1066 766 diligenter
1083 690 1180 751 locuti

138 782 219 850 sunt,
231 776 370 836 nondum
382 772 566 846 inuenimuS‚
579 790 672 849 quam
684 773 815 850 superis
829 773 933 848 rebUS,
946 791 1027 850 quae
1041 781 1095 835 aut
1107 790 1177 835 con-

137 863 218 922 sulto
232 859 361 920 oonsilio
375 857 519 919 latuerint
531 864 584 919 aut
597 863 705 918 contra
717 873 806 934 spem
818 856 1037 934 opinionamue
1052 876 1115 920 usu
1128 875 1179 920 ue-

108 943 245 1005 5nerint.
291 944 482 1020 Quamquam
497 942 600 1019 ipsum
617 941 734 1002 ‘scire’
754 941 793 1002 de
814 942 957 1004 omnibus
976 942 1181 1004 communiter

136 1027 230 1088 rebus
254 1026 374 1090 dicatur
394 1029 445 1089 uel
467 1025 607 1088 aduersis
627 1028 678 1086 uel
694 1027 855 1103 prosperis
874 1028 925 1087 uel
943 1027 1109 1104 insperatis
1129 1029 1181 1087 uel

104 1113 316 1189 dexpectatis.
360 1110 529 1173 Naeuius
548 1110 578 1170 in
599 1109 802 1186 Triphallo
822 1111 862 1174 ita
886 1110 1025 1188 scripsit:

177 1227 363 1306 quuam
386 1229 424 1290 si
447 1217 657 1304 quicquam
678 1225 804 1289 lilium
824 1245 1061 1302 rescruero‚

177 1311 390 1390 Argentum
414 1313 560 1373 amoris
585 1311 705 1374 carisa
724 1330 887 1390 sumpse
906 1311 1093 1388 mutuum,

177 1395 381 1475 Extemplo
404 1404 444 1457 te
465 1397 534 1458 illo
556 1395 712 1472 ducam,
734 1397 798 1459 ubi
816 1415 893 1458 non
917 1396 1105 1475 despuas.

108 1530 323 1594 lclandius
347 1529 635 1610 Quadrigarius
656 1531 696 1592 in
716 1531 839 1609 primo
859 1531 1009 1591 annali:
1032 1530 1088 1591 Ila
1108 1533 1180 1593 Lu·

135 1615 221 1676 cani
242 1616 308 1680 ubi
328 1615 611 1690 resciuerunt,
644 1615 722 1676 sibi
748 1633 820 1692 per
842 1615 1030 1676 fallacias
1055 1618 1180 1676 uerba

104 1699 223 1762 8data
254 1718 355 1763 esse.
400 1702 475 1762 Item
499 1699 782 1776 Quadrigarius
804 1700 844 1760 in
864 1700 998 1762 eodem
1024 1699 1126 1760 libro
1150 1702 1179 1760 in

133 1800 167 1844 re
184 1784 264 1848 tristi
276 1793 307 1846 et
323 1785 482 1864 inopinata
493 1785 590 1847 uerbo
607 1783 667 1846 isto
687 1783 729 1845 ita
745 1784 854 1846 utitur:
877 1784 918 1844 ld
938 1783 1004 1844 ubi
1023 1785 1178 1846 rescie-

133 1878 223 1931 runt
251 1869 464 1949 propinqui
491 1869 687 1940 obsidum,
722 1887 818 1946 quos
840 1867 980 1930 Pontio
1002 1869 1179 1931 traditos

133 1971 252 2031 supra
284 1954 671 2026 demonstrauimus,
716 1971 849 2016 eorum
879 1958 1066 2030 parentes
1097 1971 1180 2016 curn

132 2039 370 2116 propinquis
399 2039 546 2116 capillo
567 2054 688 2115 passo
711 2038 752 2100 in
779 2038 882 2100 uiam
903 2039 1178 2114 prouolarunt.

101 2123 172 2188 9llll.
208 2124 300 2184 Cato
330 2124 372 2185 in
407 2128 545 2200 quarto
580 2121 792 2198 originum:
826 2121 974 2183 Deinde
1004 2121 1181 2184 dictator

131 2205 240 2267 iubet
282 2205 484 2284 postridie
527 2206 754 2282 magistrum
786 2207 957 2285 equitum
1000 2209 1179 2269 arcessi:

133 2288 307 2352 ‘mittam
328 2299 390 2366 te,
411 2292 449 2354 si
470 2291 547 2366 uis,
574 2307 655 2352 cum
678 2291 911 2368 equitibus'.
956 2291 1067 2354 ‘Sero
1089 2296 1180 2364 est’,

132 2373 261 2451 inquit
282 2377 474 2452 magister
492 2376 681 2454 equitum,
703 2377 795 2437 ‘iam
817 2376 1049 2438 resoluere’.

623 2546 691 2606 XX.

135 2661 212 2730 Quae
224 2664 309 2735 uolgo
322 2662 451 2720 dicuntur
462 2664 580 2733 uinaria,
596 2664 625 2720 id
636 2667 805 2721 uocabulum
817 2670 927 2720 ueteres
940 2679 994 2719 non
1008 2663 1134 2733 dixisse3
1152 2673 1180 2720 el

177 2745 245 2817 quid
255 2763 306 2818 pro
323 2763 356 2802 eo
369 2749 400 2803 P.
412 2746 508 2820 Scipio
521 2750 550 2804 in
561 2751 689 2806 oratione
702 2749 740 2806 ad
756 2749 890 2821 populum
905 2792 912 2816 ,
940 2748 1007 2819 quid
1022 2755 1124 2822 postea
1139 2747 1178 2807 M.

175 2830 265 2885 Varro
282 2831 309 2884 in
323 2832 399 2886 libris
412 2832 448 2888 dc
463 2848 494 2888 re
509 2834 613 2889 rustica
628 2833 727 2890 dixerit
741 2831 797 2889 hoc
808 2849 904 2891 sensu.

104 2963 119 3013 1
194 2951 366 3028 ‘Vinaria',
390 2972 470 3030 quae
485 2973 566 3018 nunc
583 2957 728 3019 dicuntur
747 2964 856 3034 saepta
873 2958 1026 3033 quaedam
1038 2959 1124 3030 loca,
1145 2957 1178 3016 in

133 3035 244 3112 quibus
274 3038 357 3099 lerae
385 3039 476 3102 uiuae
499 3048 684 3118 pascuntur,
717 3043 758 3103 M.
779 3043 902 3102 Varro
930 3041 971 3101 in
998 3041 1102 3102 libro
1126 3042 1180 3100 de

98 3131 171 3184 are
190 3121 340 3183 rustica
357 3125 406 3184 Ill.
429 3124 502 3185 dicit
517 3125 698 3202 ‘leporaria'
718 3125 876 3202 appellari.
909 3127 1178 3186 VerbaVarro-

129 3204 187 3266 nis
211 3205 341 3268 subieci:
363 3208 571 3270 Villaticae
592 3210 789 3286 pastionis
811 3226 954 3286 genera
974 3216 1062 3272 sunt
1082 3209 1176 3280 tria,

129 3290 370 3366 ornithonas,
390 3293 604 3369 leporaria‚
628 3293 832 3371 [piscinae.
876 3295 978 3355 Nunc
1000 3293 1177 3354 ornitho-

127 3389 194 3435 nas
218 3373 304 3436 dioo
326 3376 489 3437 omnium
512 3378 663 3451 alitum,
685 3378 1087 3454 quaeintraparietes
1104 3375 1176 3439 uil-

126 3459 187 3518 lae
210 3461 341 3518 solent
368 3461 489 3537 pasci.
534 3462 768 3536 Leporaria]
794 3470 834 3523 te
859 3461 1038 3540 accipere
1060 3464 1173 3539 nolo,
