2456 3918
399 190 436 249 ll.
459 204 546 246 xvrn.
568 201 669 246 xv1111.
1013 179 1054 250 91

474 355 582 418 XVssl.

48 462 109 531 Quod
118 461 240 518 Phaedon
253 462 412 519 Socraticus
425 475 525 514 seruus
538 459 603 526 luit;
622 457 754 529 quodque
771 457 837 510 item
855 456 901 510 alii
914 455 1056 526 complus-

329 545 383 602 culi
396 545 557 600 seruilutem
569 543 735 598 seruierunt.

91 659 259 719 Phaedon
281 657 434 718 Elidensis
462 673 501 716 ex
532 657 662 718 cohorte
686 653 738 714 illa
756 651 969 716 Socratica
998 653 1080 714 luitl

46 741 240 819 Socratique
258 749 289 804 et
307 741 466 804 Platoni
483 758 540 817 per
559 741 615 802 luit
633 737 799 799 familiaris.
844 735 918 800 Eius
940 735 1083 798 nominis

44 828 126 888 Plato
149 826 254 888 librum
270 828 356 888 illum
373 825 510 887 diuinum
530 825 569 884 de
583 823 810 885 immortalitate
827 821 947 883 animae
960 821 1053 882 dedit.

45 913 66 970 ls
77 911 247 972 Phaedon
266 927 378 973 seruus
397 910 453 971 luit
464 912 563 972 lorma
580 915 673 983 atque
684 907 807 984 ingenio
824 905 944 968 liberali
955 913 1000 980 ct,
1019 912 1083 968 uta

47 995 142 1068 quidam
162 995 367 1074 seripserunt,
392 997 541 1056 alenone
564 990 689 1054 domino
711 1009 790 1069 puer
812 994 851 1052 ad
874 991 1055 1052 merendum

47 1087 153 1142 coactus.
175 1081 253 1141 Eum
270 1082 395 1142 Cebes
407 1078 585 1141 Socraticus
597 1078 741 1138 hortante
757 1076 928 1137 Socrate
946 1076 1089 1136 emisset

48 1164 131 1225 dicitur
151 1164 360 1241 habuisseque
382 1163 412 1224 in
433 1161 651 1241 philosophiae
674 1160 853 1238 disciplinis.
904 1161 1009 1235 Atque
1031 1159 1086 1220 ist

47 1254 129 1322 postea
138 1249 341 1326 philosophus
354 1247 493 1309 inlustris
506 1247 575 1320 init,
599 1261 824 1322 sermonesque
847 1242 913 1306 eius
934 1244 973 1304 de
991 1244 1056 1306 So-

48 1339 128 1392 crate
143 1335 309 1395 admodum
326 1335 484 1410 elegantes
503 1334 655 1408 leguntur.

88 1417 137 1478 Alii
147 1435 270 1495 quoque
284 1435 347 1480 non
358 1417 450 1495 pauci
461 1417 545 1478 serui
560 1417 700 1490 luerunt,
724 1414 777 1492 qui
787 1422 863 1492 post
879 1411 1086 1492 philosophici

48 1503 99 1561 clari
115 1504 284 1566 extiterunt.
314 1504 362 1563 Ex
373 1502 485 1579 quibus
496 1501 546 1562 ille
557 1500 762 1579 Menippus
778 1499 847 1574 luit,
861 1499 949 1560 cuius
961 1498 1057 1559 libros
1070 1503 1086 1558 7

48 1585 238 1650 ll.Varroin
258 1586 392 1650 satiris
406 1589 576 1648 aemulatus
589 1592 652 1660 est,
676 1602 754 1662 quas
774 1585 823 1645 alii
847 1583 1056 1661 ‘cynicast

48 1669 97 1744 ipse
118 1675 248 1750 appellat
273 1671 555 1750 ‘Menippeas'.

91 1754 1087 1834 SedetTheophrastiPeripateticiseruusPompylusetti

47 1838 177 1904 Zenonis
194 1841 294 1906 Stoici
306 1859 427 1916 seruus,
441 1841 493 1917 qui
504 1843 698 1902 Persaeus
714 1846 845 1902 uocatus
858 1845 915 1911 est,
929 1838 1058 1914 etEpi-

47 1924 115 1998 euri,
128 1925 262 2006 cuilliys
276 1943 389 1989 nornen
402 1926 466 2001 luit,
472 1924 651 2002 philosophi
662 1922 895 1987 nonincelebris
903 1923 1057 1983 uixerunt.

90 2009 270 2088 diogenes
284 2012 375 2074 etiarn
389 2011 557 2089 cynicus
573 2009 754 2071 seruitutem
770 2006 907 2071 seruiuit.
953 2005 1017 2068 Sed
1032 2005 1058 2066 is
1071 2014 1088 2068 9

48 2110 73 2152 er
85 2094 211 2158 libertate
229 2097 261 2158 in
279 2096 461 2175 seruitutem
481 2112 596 2157 uenum
616 2093 701 2156 ierat.
747 2095 844 2170 Quem
868 2110 938 2154 cum
956 2107 1059 2152 emere

48 2179 115 2240 uellet
128 2176 291 2261 Ξενιάδης
309 2181 493 2262 Κορίνθιος
515 2188 559 2254 et,
584 2179 658 2257 quid
681 2179 800 2240 artificii
821 2178 977 2251 nouisset,
1001 2181 1060 2250 [es-

48 2269 88 2336 set]
98 2273 309 2340 percontatus:
328 2266 438 2328 ‘noui’
451 2265 550 2341 inquit
564 2265 762 2340 Diogenes
780 2263 975 2326 ‘hominibus
988 2261 1060 2322 libc-

48 2347 259 2442 ris'imperare’.
304 2353 382 2413 Tum
397 2346 575 2431 Ξενιάδης,
593 2367 782 2426 responsum
801 2349 867 2410 eius
880 2347 1058 2418 demiratus,
1070 2351 1101 2403 lo

47 2439 98 2526 tunt
108 2440 135 2493 et
150 2453 244 2498 manu
260 2436 361 2498 emisit
379 2437 523 2512 filiosque
541 2452 616 2496 suos
630 2436 658 2495 ei
674 2437 818 2497 tradens:
842 2432 995 2509 ‘accipe'‚
1017 2431 1060 2490 in-

48 2523 106 2588 qut,
123 2519 255 2585 ‘liberos
278 2537 382 2595 mooe,
406 2522 519 2596 quibus
540 2519 706 2596 imperes’.

91 2602 129 2662 De
147 2605 333 2682 Epicteto
356 2612 459 2666 autem
479 2605 667 2682 philosopho
691 2603 802 2677 nobili,
830 2601 916 2677 quod
939 2599 965 2660 is
986 2614 1060 2674 quo-

49 2699 91 2755 lle
115 2704 221 2753 sel'lllls
245 2691 317 2765 luit,
344 2690 500 2752 recentior
527 2695 575 2750 est
604 2688 766 2763 memoria,
791 2703 883 2764 quam
909 2690 943 2745 ut
968 2680 1062 2743 scribi

50 2770 114 2838 quasi
135 2773 329 2836 obliteratum
354 2773 503 2836 debuerit.

477 2921 599 2984 xvllll.

44 3010 138 3080 'Rescire
156 3029 273 3082 uerbum
291 3025 359 3098 quid
379 3027 414 3080 sit
431 3031 458 3080 et
475 3042 559 3095 quarn
579 3024 684 3079 habeat
701 3037 798 3077 ueram
820 3022 902 3090 atque
920 3016 1063 3088 propriam

422 3109 666 3182 significationem.

95 3220 223 3283 Verbum
244 3221 395 3284 ‘rescire’
423 3219 659 3282 obseruauimus
678 3217 741 3278 uim
763 3217 877 3277 habere
905 3213 1089 3292 propriaml

54 3305 196 3379 luendam,
219 3325 281 3368 non
306 3323 346 3367 ex
370 3306 526 3368 communi
549 3302 775 3380 significatione
799 3306 973 3362 ceterorum
994 3313 1063 3359 uer-

51 3378 152 3460 bomm,
182 3390 293 3467 quibus
321 3392 429 3451 eadem
456 3389 648 3467 praepositio
678 3384 861 3462 imponitur;
895 3401 996 3460 neque
1030 3388 1065 3442 ut

52 3465 240 3550 ‘rescribere’‚
268 3477 453 3552 ‘relegere’,
476 3473 673 3534 ‘restituere’
692 3469 837 3539 dicimus,
863 3467 966 3528 itidem
991 3464 1063 3528 dici-
