2456 3918
443 214 479 274 ll.
500 231 563 276 xvi.
579 232 657 276 xvn.
1024 215 1067 282 89

54 381 110 440 Nam
124 377 149 440 si
162 378 209 442 hio
221 379 351 455 Siluius,
372 379 414 442 ita
434 385 470 442 ut
485 380 522 442 in
544 381 709 445 ommium
732 383 849 444 ferme
870 383 1095 456 annaliums

53 464 278 526 monumentis
301 465 451 553 scriptum
476 472 539 540 est,
561 473 636 544 post
658 473 789 529 mortem
806 469 957 543 [Aeneae]
973 476 1065 532 natus

51 550 268 626 eslobeamque
288 565 415 611 causam
432 567 622 627 praenomen
637 551 665 612 ei
680 553 830 614 Postumo
847 552 917 627 fuit,
937 569 998 630 qua
1019 570 1065 614 ra-

48 632 114 693 donc
126 633 294 695 subiectum
309 640 372 695 est:

80 735 177 808 Quem
198 733 272 795 tibi
295 735 488 809 longaeuo
519 752 646 796 serum
668 733 831 796 Lauinia
853 733 1025 797 coniunx

78 818 214 879 Educet
235 817 376 880 siluis?

47 921 111 980 llaec
128 919 204 980 enim
219 921 320 981 uerba
338 918 514 995 significare
531 919 629 982 uideri
643 927 792 996 possunt,
814 923 923 983 Aenea
940 918 1013 980 uiuo
1030 928 1095 984 acl

46 1005 182 1078 iamsene,
205 1010 315 1065 matum
328 998 357 1064 ei
372 1003 501 1065 Siluium
515 1011 545 1066 et
557 1005 731 1066 educatum.
775 1005 884 1080 ltaque
903 1005 982 1066 hanc
996 1015 1094 1068 sen-5

46 1088 146 1148 tentiam
168 1104 241 1150 esse
263 1089 432 1149 uerborum
454 1087 585 1151 istorum
605 1087 829 1150 Caesellius
857 1089 1002 1166 opinatus
1024 1089 1066 1150 in

47 1171 1066 1251 commentariolectionumantiquarum:‘postuma',

46 1257 129 1333 inquit,
143 1259 402 1334 ‘proles’mon
421 1273 504 1318 eum
522 1257 739 1334 significat,
759 1255 824 1335 qui
839 1264 950 1335 patre
969 1273 1067 1319 mor-

45 1351 109 1414 tuo,
130 1343 195 1403 sed
216 1341 284 1418 qui
304 1348 502 1418 postremo
523 1345 610 1404 loco
632 1351 746 1403 natus
769 1347 841 1404 est:
863 1341 1067 1404 sicutiSil·

45 1426 125 1499 ulus,
146 1425 226 1502 qui,
249 1429 383 1486 Aenea
400 1425 474 1487 iam
497 1443 606 1501 sene,
629 1427 741 1489 tardo
762 1433 1066 1503 seroquepartu

46 1519 90 1570 est
106 1511 247 1572 editus.
267 1510 331 1571 Sed
342 1509 434 1571 huius
445 1511 594 1572 historiae
607 1518 767 1572 auctorem
784 1511 929 1572 idoneum
948 1513 1095 1572 nullumli

45 1595 165 1655 nominat.
185 1594 318 1656 Siluium
331 1601 434 1656 autem
445 1601 519 1673 post
527 1599 654 1658 Aeneae
667 1603 808 1672 mortem,
819 1595 910 1657 sicuti
922 1595 1065 1668 diximus,
1077 1603 1095 1660 'l

44 1687 211 1740 rammasse
237 1677 323 1739 multi
344 1677 546 1741 tradiderunt.

89 1763 466 1840 ldcircoApollinaris
490 1764 693 1842 Sulpicius
716 1765 796 1827 inter
813 1771 931 1838 cetera,
952 1763 983 1824 in
995 1762 1093 1840 quise

44 1847 258 1910 Caesellium
279 1848 496 1925 reprehendit,
518 1850 578 1912 hoc
591 1866 717 1927 quoque
735 1849 802 1910 eius
823 1849 912 1924 quasi
929 1855 1064 1909 erratum

42 1932 222 1995 animaduerit
247 1931 426 2008 errorisque
445 1932 535 1996 istius
552 1935 631 1996 hanc
642 1950 715 1996 esse
728 1949 853 1994 causam
866 1931 956 2004 dixit,
979 1931 1063 2015 quod

43 2014 1065 2095 scriptumitasit:‘Quemtibilongaeuo’,inquit,‘momseni,

42 2100 201 2174 significatio
214 2099 299 2161 enim
310 2108 360 2162 est
372 2109 481 2162 contra
491 2102 747 2176 historiaefidem,
756 2103 813 2163 sed
823 2101 854 2162 in
866 2103 993 2177 longum
1004 2100 1065 2160 iam

42 2201 130 2247 aeuum
146 2194 178 2247 et
190 2191 380 2264 perpetuum
390 2194 518 2265 recepto
530 2185 756 2264 immortalique
772 2188 864 2248 lacto.
908 2184 1094 2247 Anchises9

42 2270 109 2344 enim,
122 2271 173 2348 qui
183 2273 266 2332 haec
277 2270 316 2330 ad
328 2269 423 2331 filium
435 2271 517 2346 dicit,
530 2271 735 2345 sciebateum,
748 2289 818 2333 cum
830 2270 989 2332 hominum
1002 2269 1065 2331 uita

42 2352 238 2429 discessisset,
256 2355 462 2416 immortalem
480 2362 574 2434 atque
589 2356 757 2432 indigetem
773 2357 908 2417 ludunum
926 2362 957 2415 et
968 2356 1062 2429 longo

39 2446 237 2516 perpetuoque
259 2454 338 2499 aeuo
365 2440 565 2516 potiturum’.
619 2442 687 2502 Hoc
715 2457 791 2501 same
818 2442 847 2501 A
856 2437 1107 2518 pollinarislo

39 2530 136 2597 argute.
181 2524 248 2585 Sed
259 2523 343 2584 aliud
356 2531 458 2585 tamem
470 2532 519 2586 est
536 2528 703 2602 ‘longum’
724 2541 852 2598 aeuum,
874 2524 957 2585 aliud
979 2529 1065 2598 ‘per-

39 2613 172 2682 petuum’,
196 2622 302 2685 meque
314 2605 355 2667 dii
369 2609 537 2686 nlongaeui’
552 2611 761 2688 appellantur,
775 2611 832 2671 sed
847 2608 1064 2671 inmortales&

498 2777 594 2840 xvll.

42 2871 184 2938 Cuiusmodi
197 2899 263 2938 esse
276 2881 589 2954 naturamquarumdam
599 2883 841 2953 praepositionum
847 2879 886 2935 M.
895 2878 992 2936 Cloero
1005 2876 1066 2934 ami·
1202 2849 1204 2922 i

71 2964 259 3035 maduerleri13
279 2967 520 3039 dIsceptalumque
536 2967 574 3023 ibi
586 2982 671 3038 super
683 2981 717 3021 eo
730 2966 803 3037 ipso,
817 2964 894 3036 quod
906 2963 1004 3021 Cicero
1016 2965 1065 3019 oh·
1176 3021 1178 3028 χ

72 3058 239 3107 seruauerat.

89 3158 259 3224 obseruate
271 3161 457 3238 curioseque
474 3157 689 3222 animaduertit
706 3159 747 3219 Μ.
765 3157 915 3220 Tullius
935 3157 1011 3218 ‘im'
1034 3162 1092 3222 etl

41 3242 130 3303 ‘con'
152 3246 403 3324 praepositiones
424 3244 530 3307 uerbis
548 3251 601 3306 aut
611 3242 772 3305 uocabulis
784 3241 980 3320 praepositas
990 3248 1065 3302 tunc

41 3328 153 3396 produci
165 3337 258 3407 atque
268 3331 422 3408 protendi,
432 3347 502 3391 cum
513 3328 620 3389 literae
632 3335 847 3402 sequerentur,
856 3342 936 3401 quae
946 3324 1065 3401 primae

42 3411 138 3473 suntin
153 3415 328 3491 ‘sapiente’
348 3421 442 3492 atque
454 3420 464 3450 ‘
474 3412 593 3487 selice’,
605 3411 636 3472 in
648 3410 715 3472 aliis
727 3418 829 3472 autem
843 3408 985 3472 ommibus
998 3426 1065 3472 eor-

44 3503 114 3568 nepte
134 3497 336 3575 pronuntiari.
