2490 3926
145 228 187 292 42
592 225 615 286 l.
627 241 674 285 ιιι.
687 240 746 284 1111.

103 413 138 468 29
207 398 292 457 Haec
302 394 436 472 taliaque
455 393 750 470 Theophrastus
770 390 845 452 satis
865 395 953 451 caute
973 389 1152 452 etsollioite
1166 399 1199 451 et

147 480 306 557 religiose,
329 497 398 540 cum
415 476 612 540 discernendi
633 476 731 552 magis
749 473 1005 552 disceptandique
1022 474 1198 552 diligentia,

147 583 239 642 quam
252 581 321 624 cum
333 562 521 624 decernendi
532 560 685 623 sententia
701 567 794 636 atque
810 557 938 632 fiducia,
956 559 1095 632 scribsit3
1115 577 1198 635 quo·

145 651 227 710 niam
244 651 385 725 prolecto
409 663 571 708 causarum
591 661 627 704 ac
643 652 818 721 temporum
834 643 1016 718 uarietates,
1041 644 1198 704 discrimi-

146 749 282 809 numque
293 749 329 793 ac
345 730 585 792 differentiarum
597 729 761 790 tenuitates
777 729 955 804 ignorantes
974 728 1138 790 decretum
1153 737 1198 789 at-

147 835 207 894 que
225 822 409 893 perpetuum
427 814 666 889 distinctumque
681 813 712 873 in
730 813 823 874 rebus
836 812 964 888 singulis
975 822 1198 890 praeceptum,

147 902 231 978 quod
253 916 311 976 ego
334 917 392 964 nos
410 899 441 960 in
456 899 555 976 prima
570 902 718 958 tractatus
740 897 829 958 istius
840 901 929 974 parte
944 896 1126 958 desiderare
1153 897 1199 958 di-

145 1001 265 1057 xeram,
281 1001 344 1046 non
358 983 491 1060 capiunt.

102 1073 139 1128 30
217 1067 291 1129 Eius
304 1076 406 1129 autem
419 1067 613 1141 Chilonis,
633 1083 651 1126 a
664 1083 726 1142 quo
739 1065 1018 1143 disputatiunculae
1028 1064 1123 1127 huius
1137 1065 1198 1126 ini-

144 1152 220 1214 tium
232 1152 375 1226 fecimus,
389 1169 459 1213 curn
471 1152 529 1212 alia
541 1152 693 1228 quaedam
705 1157 777 1210 sunt
787 1151 903 1211 monita
912 1150 998 1212 utilia
1009 1156 1105 1226 atque
1116 1168 1199 1226 pru-

146 1237 264 1311 dentia,
287 1243 353 1299 turn
371 1237 404 1297 id
421 1237 552 1297 maxime
573 1237 752 1312 exploratae
770 1233 905 1295 utilitatis
920 1242 985 1309 est,
1010 1235 1097 1311 quod
1109 1235 1198 1298 duas

145 1320 355 1382 ferocissimas
369 1320 560 1384 adfectiones
572 1319 686 1381 amoris
700 1324 793 1396 atque
808 1319 869 1379 odii
886 1319 965 1379 intra
977 1319 1105 1380 modum
1118 1336 1199 1382 cau-

145 1407 241 1466 tulum
262 1405 408 1468 coercuit.
441 1406 552 1477 ‘Hac'‚
574 1403 690 1480 inquit,
713 1403 784 1462 ‘lini
802 1419 904 1476 ames,
927 1411 1085 1480 tamquam
1106 1405 1199 1465 forte

146 1491 270 1551 fortuna
281 1497 312 1552 et
324 1507 448 1563 osurus,
459 1490 518 1548 hac
530 1488 634 1548 itidem
645 1494 736 1548 tenus
749 1487 853 1548 oderis
861 1495 1037 1564 ,tamquam
1049 1489 1115 1549 lort
1102 1494 1198 1550 tasse

103 1582 219 1651 sipost
230 1579 409 1635 amaturus
444 1573 545 1651 Super
556 1574 616 1633 hoc
635 1572 746 1633 eodem
767 1573 928 1633 Chilone
947 1573 1198 1635 Plutarchus

145 1657 379 1736 philosophus'
371 1676 403 1718 m
421 1657 520 1718 libro
539 1652 633 1736 περὶ
653 1656 789 1756 ψυχῆς
817 1656 937 1733 primo
955 1655 1059 1718 uerbis
1077 1657 1131 1718 his
1153 1658 1199 1720 ita

146 1741 282 1804 scribsit.
311 1732 512 1805 Χείλων
497 1760 515 1803 ο
537 1733 728 1819 παλαιός,
762 1732 1083 1842 oinodqagrrvds
1118 1739 1199 1803 λε’-

145 1845 312 1930 νοντος,
346 1825 500 1907 μηδένα
527 1824 639 1906 ἔχειν
675 1821 854 1926 ἐχθρόν,
877 1816 1180 1924 q'por'rquev‚a
1162 1827 1201 1890 εί

146 1907 301 1991 μηδένα
317 1911 442 1992 φίλον
460 1909 561 1992 ἔχει,
581 1908 759 2012 νομίζων
776 1902 854 1984 ἐξ’
836 1906 1017 1990 ανάγκης
1033 1904 1200 1972 ἐπακο-

145 1999 324 2058 λουθεῖν
357 1993 424 2057 καὶ
457 1955 827 2073 συνεμπλίκεοθοιι
862 1994 1053 2076 φιλία[ι]ς
1084 1985 1199 2057 οἷπε-

144 2081 308 2159 piratas.

636 2196 698 2256 llll.

145 2301 236 2369 Quam
254 2301 373 2356 tenuiter
392 2301 559 2372 curioseque
576 2299 914 2372 explorauerilAnlonius
933 2301 1056 2356 lulianus
1076 2301 1106 2356 in
1128 2317 1199 2357 ora-

333 2385 407 2440 lione
418 2385 456 2440 M.
469 2384 550 2440 Tullii
562 2385 640 2441 uerbi
653 2387 687 2441 ab
699 2401 733 2440 eo
746 2385 841 2440 mutati
853 2385 1000 2456 argutiam.

123 2510 139 2562 1
207 2497 403 2558 Antonius
414 2496 589 2559 lulianus
609 2499 715 2561 rhetor
727 2514 876 2574 perquam
889 2495 944 2558 luit
954 2496 1078 2559 honesti
1090 2505 1198 2576 atque

144 2581 265 2643 amoeni
282 2581 394 2668 ingeni.
424 2580 571 2642 Doctrina
589 2599 714 2658 quoque
733 2583 792 2642 ista
812 2579 934 2642 utiliore
954 2597 990 2641 ac
1008 2582 1200 2643 delectabili

143 2670 346 2741 uotorumque
368 2665 587 2761 elegantiarum
610 2683 684 2727 cura
702 2674 732 2727 et
757 2665 904 2727 memoria
925 2667 1020 2726 multa
1042 2665 1121 2738 luit;
1149 2669 1199 2728 ad

143 2750 204 2810 hoc
232 2749 345 2811 scribta
369 2749 471 2812 omnia
496 2749 668 2846 antiquiora
685 2757 748 2810 tam
765 2749 889 2811 curiose
905 2748 1067 2825 spectabat
1086 2756 1120 2810 et
1136 2761 1199 2812 aut

142 2833 273 2894 uirtutes
290 2833 393 2911 pensit
380 2834 465 2894 tabat
482 2841 534 2894 aut
544 2839 588 2894 ur
589 2851 618 2893 ra
576 2833 758 2894 rimaba
745 2841 812 2906 tur,
831 2840 864 2894 ut
881 2832 1028 2894 iudicium
1047 2851 1123 2894 esse
1146 2837 1197 2896 fa-

144 2925 227 2978 ctum
238 2917 418 2979 atamussim
431 2917 561 2979 diceres.

118 3013 136 3066 a
205 3002 421 3063 lsluliunus
428 3017 534 3080 super
545 3019 582 3063 eo
595 3002 837 3079 enthymema
861 3003 946 3076 quod
964 3002 1036 3064 est
1028 3020 1065 3062 rn
1088 3019 1196 3064 ora-

141 3085 312 3149 tioneM.
335 3085 469 3160 Tullii,
500 3103 608 3162 quam
628 3101 696 3163 pro
719 3087 779 3146 Cn
802 3086 966 3148 Plancio
990 3087 1108 3161 dlxtt
1145 3087 1195 3148 ita

119 3169 328 3235 texistimauit
338 3205 381 3214 -
393 3171 563 3232 seduerba
573 3170 677 3247 prius,
701 3172 740 3230 de
754 3169 864 3246 quibus
877 3168 1022 3230 iudicium
1036 3173 1127 3234 abeo
1142 3175 1194 3232 la-

141 3255 519 3331 ctumest,ipsaponam:
544 3257 774 3330 Quamquam
799 3254 1008 3316 dissimilis
1032 3264 1092 3317 est
1114 3274 1192 3333 pe-

141 3340 278 3398 cuniae
309 3338 458 3400 debitio
493 3346 529 3399 et
561 3337 723 3414 gratiae.
763 3341 851 3399 Nam
877 3339 942 3414 qui
971 3341 1190 3416 pecuniam

140 3423 345 3496 dissoluit,
379 3423 513 3484 statim
536 3441 610 3484 non
631 3423 751 3484 habet
771 3423 825 3496 id,
860 3424 963 3499 quod
986 3424 1191 3498 reddidit,

140 3505 203 3580 qui
225 3514 351 3568 autem
374 3508 504 3579 debet,
521 3506 554 3566 is
572 3506 719 3567 retinet
736 3507 916 3580 alienum,
934 3509 1100 3582 gratiam
1118 3527 1193 3570 au-
