2490 3926
116 186 154 235 vl

116 327 242 400 ipsorum
264 333 290 384 et
311 327 429 384 aliorum
449 325 593 383 hominurn
616 324 761 384 doctorum
777 323 987 382 emendationes
1010 324 1107 383 sedem
1126 343 1183 382 mu·

116 418 175 470 tare
205 413 286 470 iussi.
341 412 372 468 ln
400 428 455 485 qua
486 412 613 468 lectionis
643 413 778 468 uarietate
808 411 1003 468 enumeranda
1035 411 1182 468 omittenda

117 500 215 555 censui
227 515 319 555 rerum
334 496 614 572 orthographicarum
632 502 659 553 et
669 498 821 554 formarum
836 496 993 570 uolgarium
1010 495 1182 554 discrimina.

117 583 195 652 Quae
212 586 280 642 citra
296 584 430 641 librorum
448 581 534 638 fidem
549 583 596 639 uel
615 598 652 638 ex
672 584 790 638 aliorum
806 583 853 637 uel
872 597 907 637 ex
931 581 1001 638 meis
1019 581 1184 638 coniecturis

115 669 275 738 immutaui,
298 685 333 725 ea
354 669 391 724 ibi
414 667 615 724 asteriscis
639 667 766 740 signaui,
789 667 890 739 quibus
918 668 1010 740 ipsum
1037 669 1185 724 uerborum

115 753 244 810 ordinem
264 752 397 810 dirimere
413 753 506 822 nolui,
529 753 696 825 aliquotiens
716 757 822 809 tantum
842 753 903 808 siue
924 753 1094 810 crucibus
1115 753 1184 820 istis,

115 855 187 910 quae
208 838 396 912 explicatione
414 837 491 895 haud
513 844 613 911 egent,
636 839 813 906 intercisum,
837 837 898 894 siue
920 838 1025 897 uncis
1048 843 1105 894 tum
1127 853 1187 893 ro·

114 923 256 993 tundis,
276 922 548 996 tumquadratis5
566 923 611 978 his
622 924 729 980 scilicet
740 924 777 979 ita
788 939 857 978 usus
870 939 948 993 sum,
962 922 1082 980 utOtt‘o
1101 922 1187 978 lehn

114 1009 143 1063 in
165 1008 305 1065 quenalis
328 1008 444 1064 scholiis
465 1007 668 1065 recensendis:
696 1023 768 1080 quae
788 1003 821 1081 []
851 1008 960 1066 inclusa
987 1013 1051 1064 sunt
1071 1024 1128 1064 non
1149 1008 1187 1063 le-

113 1098 216 1166 guntur
231 1094 260 1148 in
275 1094 439 1162 codicibus,
458 1109 529 1166 quae
545 1094 576 1164 ()
589 1092 761 1151 circumdata
773 1097 838 1150 sunt
849 1094 878 1149 in
889 1092 1035 1150 codicibus
1047 1094 1185 1166 leguntur,

114 1177 167 1234 sed
191 1177 313 1235 delenda
335 1179 476 1236 uidentur.

198 1264 334 1321 Eiusdem
353 1265 407 1320 uiri
424 1264 596 1337 integerrimi
614 1269 641 1319 et
657 1263 862 1320 accuratissimi
877 1264 1015 1320 rationem
1023 1285 1042 1332 ‚·
1050 1264 1078 1319 in
1094 1263 1186 1334 prael.

113 1348 151 1404 ad
172 1349 336 1422 Florump.
356 1348 435 1404 XXX
456 1349 610 1405 luculenter
631 1349 805 1422 expositam,
836 1349 916 1404 inre
939 1350 1022 1405 etiam
1043 1347 1185 1422 grauiore,

113 1432 509 1507 orthographiamdico,
524 1433 695 1490 seruandam
708 1432 792 1490 duxi
805 1434 878 1490 ruste
889 1449 964 1490 enim
975 1433 1043 1490 mihi
1055 1432 1185 1502 uidetur,
1242 1453 1243 1499 r

111 1518 367 1592 paragraphos
389 1535 457 1575 uero
480 1520 698 1588 Lionianas,
721 1519 850 1592 quamuis
873 1535 960 1616 saepe
982 1519 1050 1576 satis
1065 1520 1184 1574 moleste
1242 1501 1243 1592 i

113 1603 283 1676 dispositas,
305 1605 435 1675 seruam,
459 1621 494 1660 ne
511 1606 702 1686 molestiorem
719 1619 900 1660 numerorum
918 1605 947 1660 in
968 1604 1104 1676 scriptore
1125 1605 1185 1660 lau·

113 1687 207 1745 dando
226 1688 418 1746 diuersitatem
434 1690 597 1746 excitarem.
625 1690 685 1760 Quo
701 1689 816 1761 quidem
831 1688 923 1746 studio
938 1688 1016 1746 haud
1033 1688 1185 1761 impeditus

113 1791 189 1842 sum,
221 1775 369 1850 quominus
392 1790 428 1829 err
453 1775 587 1831 librorum
609 1775 777 1848 optimorum
799 1789 940 1831 consensu
967 1774 1055 1830 libri
1084 1775 1188 1830 sexti
1242 1799 1243 1819 r

112 1865 140 1914 ct
159 1859 308 1931 septimi
332 1858 459 1916 ordinem
480 1866 679 1932 permutarem
1242 1853 1243 1930 l

196 1944 359 2001 Alterum
377 1947 541 2002 uolumen
560 1952 671 2018 praeter
687 1945 773 2002 libros
790 1943 921 2002 undecim
932 1945 1105 2017 posteriores
1118 1960 1190 2000 oon·

112 2029 208 2088 tinebit
220 2030 331 2088 iudices
343 2030 572 2128 copiosissimos,
592 2037 620 2088 et
635 2035 780 2087 auctorum
798 2030 920 2088 indicem
931 2045 948 2085 a
959 2046 1003 2085 me
1015 2031 1188 2098 conlectum,
1242 2039 1243 2100 j

111 2123 138 2170 ct
160 2116 281 2172 indicem
306 2132 414 2184 rerum,
438 2117 517 2172 cuius
540 2115 704 2173 elaborandi
720 2131 817 2172 curam
834 2115 1007 2172 adulescenti
1030 2114 1134 2170 sollerti
1156 2120 1189 2170 et
1242 2101 1243 2172 l

112 2207 242 2270 strenuo,
272 2197 463 2257 Theodoro
486 2201 616 2274 Vogel,
637 2201 786 2270 Plauensi‚
808 2200 883 2258 stud.
898 2199 977 2274 phil,
1001 2199 1189 2256 demandaui.
1242 2227 1243 2286 t

195 2285 274 2342 Haec
294 2285 441 2343 hactenus.
474 2286 511 2342 At
525 2287 679 2358 epistulae
699 2302 779 2342 curus
792 2285 870 2342 rnrtro
886 2286 980 2354 uobrs
1004 2285 1075 2341 uiri
1099 2285 1188 2341 illu·
1242 2299 1243 2346 t

112 2371 309 2440 strissimi,
345 2371 453 2429 debitas
477 2377 570 2444 grates
592 2373 654 2445 egi,
684 2371 769 2427 finem
791 2371 936 2444 imponere
965 2385 1092 2442 nequeo,
1126 2371 1188 2426 nisi

108 2455 189 2526 prius
218 2457 329 2529 pietatis
352 2456 445 2513 olfioio
469 2462 584 2514 eatenus
611 2456 791 2525 satisfecero,
820 2462 864 2525 ut,
892 2454 946 2512 has
969 2453 1162 2511 studiorum'
1155 2472 1189 2510 rn
1242 2467 1243 2542 p

109 2539 198 2595 Gellio
234 2543 390 2613 positorum
421 2543 559 2615 primitias
588 2543 617 2598 in
647 2543 738 2598 lucem
771 2539 902 2610 daturus,
935 2546 1016 2614 grata
1046 2541 1192 2596 memoria
1242 2549 1243 2590 t

107 2641 266 2698 prosequar
303 2633 440 2700 patrem
476 2629 658 2700 optimum,
692 2627 740 2699 qui
766 2613 861 2682 nobis
893 2624 966 2682 haec
998 2626 1054 2682 otia
1085 2622 1189 2695 lecit’,
1242 2619 1243 2702 l

107 2708 276 2767 Ioannem
304 2711 509 2769 Sohulzium
541 2719 568 2768 et
593 2711 817 2769 Fridericum
844 2709 1100 2780 Ritschelium,
1136 2712 1192 2782 qui

108 2794 201 2852 studia
220 2811 284 2852 mea
301 2797 427 2853 Gelliana
443 2797 640 2854 liberalissime
658 2804 685 2854 et
707 2795 875 2854 adiuuerunt
897 2800 924 2851 et
945 2797 1092 2864 louerunt,
1116 2794 1191 2850 Ga·
1242 2815 1243 2860 3

106 2880 260 2936 brielem
287 2881 479 2951 Laureeni,
508 2882 695 2940 bibliothecae
724 2882 790 2938 olim
814 2881 968 2939 Vaticanae
995 2880 1187 2978 praefectum,
1242 2870 1243 2890 ¹

108 2965 188 3020 cuius
208 2982 242 3021 ea
262 2972 322 3023 erat
340 2967 498 3024 humanitas
514 2984 679 3040 morumque
702 2966 834 3035 comitas,
856 2972 894 3035 ,ut
915 2966 1079 3034 uobiscum,
1108 2965 1186 3021 uiris
1242 2965 1243 3014 t

107 3048 162 3106 hoc
180 3051 291 3106 nomine
304 3053 362 3108 tere
374 3055 655 3125 incomparabilibus,
674 3067 839 3124 comparare
851 3068 915 3108 eum
926 3052 1036 3121 liceret,
1050 3066 1184 3107 summos
1242 3055 1243 3104 t

109 3133 230 3207 denique
262 3139 429 3210 magistros,
463 3137 500 3194 ad
528 3155 599 3211 quos
628 3141 721 3195 omnia
742 3153 806 3194 mea
833 3138 941 3206 refers,
974 3137 1187 3210 Augustum
1242 3137 1243 3202 i

107 3217 331 3277 Boeckhium
357 3230 384 3280 et
411 3221 580 3280 Carolum
602 3225 880 3291 Lachmannum,
911 3238 1029 3294 quorum
1058 3223 1186 3278 alterurn
1242 3209 1243 3276 ἶ

108 3319 218 3362 mecum
241 3305 370 3379 diligitis,
395 3309 511 3365 alterum
533 3326 643 3366 mecum
664 3309 776 3383 lugetis.
822 3308 929 3364 Valete.
1242 3299 1243 3314 ¹

235 3389 296 3448 Sor.
318 3394 440 3449 Berolini
463 3394 490 3452 d.
513 3395 640 3451 XXVllll
662 3413 699 3451 m.
720 3397 790 3466 Apr.
812 3411 829 3449 a
850 3391 1040 3450 MDCGCLIII.

484 3625 791 3635 Ἠ
