2456 3918
478 233 514 293 ll.
540 249 626 294 xxvi.
994 235 1059 302 105

56 397 116 472 guis,
127 396 204 458 aliter
214 404 338 471 ostrum,
351 396 439 459 aliter
450 415 586 474 erocum,
598 401 654 461 has
667 398 805 476 singulas
818 403 876 464 rufi
888 403 1055 469 uarietates

57 481 141 542 latina
152 481 240 544 oratio
252 480 378 558 singulis
389 483 587 560 propriisque
603 484 764 546 uocabulis
783 502 846 546 non
864 488 1057 551 demonstrat

57 564 191 641 omniaque
201 564 257 626 ista
268 565 492 642 signifieatuna
506 567 665 629 ³ruboris’
679 570 899 646 appellatione,
926 589 995 633 curn
1015 589 1056 636 ex

54 648 112 724 ipsis
127 649 210 710 rebus
221 651 372 712 uocabula
384 653 523 713 colorum
543 659 698 714 mutuatur
715 661 745 715 et
762 653 920 730 ³igneum’
941 655 1055 732 aliquid

55 732 110 792 <itini
100 739 146 794 tet
157 733 363 795 ‘flammeum’
377 742 408 796 et
420 737 659 812 ³sanguineum’
672 745 704 798 et
716 742 887 800 ³eroeeum'
906 746 937 800 et
949 744 958 775 ³
969 742 1057 801 ostri-

54 820 122 875 nnm’
141 823 169 876 et
187 822 360 880 ‘aureum’
405 821 545 882 ‘Rusus'
563 820 793 882 enimeoloret
804 823 931 883 ³ruber’
950 822 1023 884 nihil
1040 831 1091 887 ιθ

53 900 177 962 uoeahulo
192 901 273 962 ‘rufi'
290 900 477 978 diiiunigunt
477 922 515 965 ur
525 922 627 981 neque
641 905 849 1004 proprietates
862 905 934 967 eius
947 923 1056 1005 omnes

53 979 377 1060 declarant,³}aoddg’
399 994 501 1049 auem
523 996 554 1050 et
576 980 758 1070 ‘taverle’
782 996 813 1051 et
834 981 1001 1070 ‘troppis’
1027 999 1058 1052 et

54 1059 174 1210 ³nrppdp’
192 1077 222 1131 et
239 1068 387 1150 ‘potari'
406 1073 521 1132 habere
534 1073 685 1169 quasdam
697 1073 858 1134 distantias
871 1073 986 1136 eoloris
998 1076 1058 1136 ruli

54 1152 174 1226 urd,entur
186 1155 236 1216 uel
247 1161 400 1232 augentes
412 1173 483 1218 eurn
494 1159 544 1218 uel
555 1156 711 1218 remittent
698 1159 809 1218 tuales
821 1156 915 1218 mixta
924 1159 1057 1233 quadam

53 1235 374 1314 specietemperantes’.

93 1321 157 1380 Turn
175 1321 319 1384 Fronto
342 1323 381 1383 ad
403 1323 654 1384 Fauorinum:
682 1329 765 1384 ‘non
786 1323 933 1398 infitias’‚
951 1324 1091 1401 inquit?

53 1401 135 1477 inm,
147 1404 216 1480 quin
227 1406 335 1482 lingua
344 1409 475 1481 Graeca,
495 1425 588 1483 quarn
599 1415 632 1469 tu
643 1408 750 1470 uidere
762 1407 892 1483 legisse,
910 1409 1061 1485 prolixior

52 1486 179 1565 fusiorque
192 1489 247 1565 sit,
269 1508 362 1567 quarn
373 1499 497 1565 nostra3
514 1491 615 1553 sedin
627 1491 674 1554 his
686 1498 788 1552 tamen
801 1491 973 1566 coloribus,
995 1491 1058 1569 qui-

52 1571 93 1631 bus
102 1575 185 1636 modo
202 1574 324 1649 dixisti,
337 1575 583 1650 denominandiS,
598 1593 660 1637 non
672 1575 805 1654 proinde
815 1575 927 1652 inopes
940 1593 1058 1650 sumus,

51 1661 74 1714 ut
89 1655 131 1716 tibi
143 1657 293 1720 uidemur.
337 1661 404 1721 Non
422 1659 503 1723 enirn
525 1659 602 1720 haec
624 1667 697 1722 sunt
713 1659 945 1722 solauoeabula
957 1661 1091 1728 ruiums

52 1741 157 1802 notorem
173 1743 435 1818 demonstrantia,
459 1760 539 1820 quae
557 1751 589 1806 tu
607 1745 701 1806 modo
726 1743 844 1818 dixisti,
869 1747 1003 1806 ³rusus'
1030 1751 1060 1806 et

52 1823 153 1898 ‘uber’,
179 1829 237 1888 sed
259 1827 319 1888 alia
332 1845 458 1904 quoque
474 1829 624 1892 habemus
638 1831 742 1904 plura,
771 1845 863 1904 quarn
882 1844 963 1903 quae
978 1826 1061 1888 dicta

49 1907 88 1966 abs
101 1915 127 1968 te
138 1911 253 1972 Graeca
272 1919 358 1974 sunt:
383 1913 524 1974 ³luluus'
543 1912 671 1973 enimet
688 1912 825 1974 ³ilauus'
845 1918 876 1971 et
894 1910 1059 1971 ³ruoidus’

50 1996 70 2047 et
82 1993 276 2067 ³pneniceus’
297 2001 329 2056 et
346 1999 357 2030 ³
364 1996 492 2057 rutilus’
513 2004 544 2057 et
557 1999 694 2057 ³luteus’
713 2002 745 2056 et
764 1993 912 2072 ³spadix'
926 1996 1060 2070 appella-

48 2073 124 2138 tiones
139 2085 210 2140 sunt
221 2079 283 2140 rufi
301 2079 431 2155 eoloris,
456 2086 509 2141 aut
525 2088 672 2144 acuentes
689 2097 760 2142 euin
776 2077 880 2155 (quasi
895 2078 1061 2139 incenden-

48 2163 81 2218 tes
71 2165 146 2231 qaut
156 2179 226 2224 eum
239 2165 347 2225 colore
357 2163 447 2225 uiridi
458 2164 589 2226 miscent
576 2171 624 2226 tes
637 2172 690 2225 aut
705 2164 793 2240 nigro
806 2162 996 2225 infuscantes
1008 2169 1061 2224 aut

49 2240 259 2308 uirentisensirn
277 2248 347 2309 albo
365 2247 582 2310 illuminantes.
626 2249 702 2310 Nann
721 2246 942 2325 ³poeniceus’,
969 2263 1094 2323 quamq

47 2328 374 2430 ιιιιιιιειφιιίνικω
383 2332 500 2406 dixisti,
522 2339 631 2394 noster
649 2339 699 2393 est
716 2339 746 2393 et
764 2331 910 2392 ³rutilus'
930 2335 1062 2407 et³spa·

49 2409 98 2470 dix'
101 2415 265 2490 ,poenicei
281 2409 498 2498 συνώνυμος,
518 2416 571 2493 qui
587 2417 686 2477 iaetus
699 2421 740 2489 [e]
753 2417 871 2476 Graeco
884 2421 992 2476 noster
1004 2419 1062 2486 est,

48 2497 253 2561 nuberannam
265 2502 528 2577 splendoremque
539 2499 714 2576 significan
701 2498 856 2574 truboris,
870 2499 977 2575 quales
991 2503 1063 2558 sunt

48 2578 139 2643 luetis
156 2587 279 2681 palmae
291 2584 411 2646 arboris
426 2602 489 2647 non
497 2585 669 2646 admodum
681 2581 766 2646 sole
759 2590 863 2644 rneoet
864 2583 883 2656 i,
850 2583 977 2644 tunde
990 2597 1060 2658 spa-

48 2661 90 2722 liri
104 2672 130 2727 et
145 2669 301 2746 poeniceo
320 2685 434 2730 nomen
453 2676 515 2731 est:
540 2661 720 2730 ³orrcidrun’
740 2667 821 2728 enirn
844 2661 980 2746 δωριστὶ
1008 2681 1062 2725 uo·
1072 2685 1109 2736 10

48 2757 99 2808 rant
108 2754 247 2815 auulsum
259 2769 276 2813 e
287 2755 390 2829 palrna
400 2752 552 2814 termitem
565 2770 633 2815 curn
645 2755 756 2815 fructu.
794 2753 946 2812 ³Fuluus'
960 2754 1063 2808 autern
1071 2765 1103 2818 11

48 2829 144 2894 ridetur
161 2837 201 2898 de
217 2838 287 2898 rulo
305 2843 399 2914 atque
416 2836 507 2899 uiridi
524 2837 637 2898 mixtus
656 2839 686 2897 in
710 2836 776 2897 aliis
793 2837 864 2912 plns
883 2832 1009 2909 uiridiS‚
1032 2833 1062 2891 in

49 2914 96 2975 aliis
115 2921 181 2994 plus
205 2921 411 2983 ratihabere.
457 2921 508 2982 Sia
537 2929 627 2998 poet
634 2937 652 2980 a
614 2922 847 2982 tuenborum
870 2915 1063 2993 diligentissi-

49 3012 98 3059 mus
119 3005 269 3065 ³luluam’
300 3005 433 3082 aquilann
466 3005 604 3066 dieitt
573 3012 604 3066 et
637 3004 808 3081 iaspidem,
839 3005 978 3064 ³luluos’
1012 3018 1063 3077 ga-

48 3079 109 3144 leros
145 3095 176 3148 et
208 3091 361 3151 ³luluum'
393 3105 501 3151 aurum
527 3096 558 3150 et
590 3105 715 3149 arenam
743 3089 895 3148 ³luluam'
925 3093 956 3146 et
992 3086 1063 3145 ³iul-

49 3173 118 3227 uum’
148 3173 291 3246 leonem,
331 3173 440 3250 sicque
473 3173 622 3235 Ennius
664 3171 700 3232 in
735 3172 941 3233 annalibus
975 3183 1065 3228 aere

48 3247 137 3314 fulua
156 3256 242 3316 dixit
288 3257 444 3318 ³Flauus'
464 3265 572 3318 eontra
592 3255 716 3317 uidetur
737 3272 755 3316 e
777 3255 868 3316 uiridi
891 3261 921 3315 et
943 3253 1066 3312 ruiot
1036 3259 1066 3312 et
1074 3261 1109 3316 lt

49 3333 101 3394 albo
113 3347 288 3402 concretus
315 3341 360 3402 sie
374 3341 544 3402 ³ilauentes
558 3345 683 3402 eomae’
698 3348 728 3401 et
736 3340 842 3416 quod
854 3353 956 3398 mrrarr
971 3351 1065 3410 quos·

49 3413 102 3477 darn
120 3421 227 3497 uideo,
254 3426 383 3486 frondes
410 3427 547 3486 olearum
564 3423 778 3500 avergilio
802 3422 941 3482 ³ilauae’
961 3421 1065 3515 dieun-

48 3501 93 3558 ιιι.
137 3505 187 3566 Sic
213 3510 306 3570 multo
337 3515 407 3568 ante
439 3508 633 3570 Pacuuius
663 3523 775 3584 aquam
813 3505 963 3565 ‘flauam'
994 3503 1110 3568 duitas
1150 3521 1159 3526 ‘
