2490 3926
333 188 444 246 INDEX
474 189 743 246 CAPITVLORVM.
1047 185 1066 252 7

112 357 212 414 XVIIII.
240 359 362 415 Historia
379 375 464 430 super
481 359 559 416 libris
580 359 725 433 Sibyllinis
743 376 776 416 ae
795 360 830 417 de
849 359 1000 484 Tarquinio
1016 359 1069 419 Su·

48 443 100 514 perh
102 459 115 497 o
133 459 203 516 rege.

112 526 166 582 XX
195 528 269 597 Quid
288 533 449 602 geometrae
469 528 563 583 dicant
585 521 738 601 ἐπίπεδον,
761 529 830 601 quid
851 517 981 605 στερεόν,
1001 531 1069 601 quid

48 602 127 684 κύβον,
152 613 216 684 quid
237 605 385 690 γραμμήν,
414 613 570 685 quibusque
598 615 652 670 ista
678 614 773 669 omnia
795 613 900 669 Latinis
923 617 1068 672 uocabulis

47 698 201 766 appellentur

109 780 174 838 XXI.
198 781 282 851 Quod
298 782 383 838 Iullus
400 782 531 858 Hngnus
549 781 766 839 affirmatIssime
785 781 940 850 contendit,
962 785 1069 856 legisse

47 881 68 920 sc
84 865 169 921 librum
185 868 215 922 P.
237 867 356 940 Vergilii
375 867 575 936 domesticum,
604 868 676 938 [ubi]
698 868 830 938 seriptum
854 872 944 923 esset:
972 874 999 923 et
1020 885 1071 924 ora

46 950 112 1004 tristia
129 956 304 1024 temptantum
321 969 408 1008 sensu
428 953 567 1026 torquebit
586 968 712 1020 amaror,
737 968 794 1007 non
816 951 892 1024 quod
910 952 1012 1026 uulgus
1032 955 1070 1008 le-

47 1039 118 1104 geret:
130 1042 212 1092 sensit
222 1039 362 1109 torquebit
373 1053 481 1094 amaro.

107 1118 186 1174 XXII.
207 1121 269 1190 Au,
283 1122 331 1194 qui
343 1137 446 1179 causas
459 1121 599 1190 defendit,
611 1127 688 1178 recte
700 1120 852 1193 Latineque
864 1122 953 1178 dicat:
972 1137 1069 1194 super-

47 1216 93 1258 esse
105 1219 131 1258 se
141 1205 179 1273 is,
191 1221 264 1278 quos
277 1207 419 1276 delendit;
434 1211 462 1263 et
473 1221 626 1280 superesse
637 1206 751 1278 proprie
763 1206 831 1278 quid
843 1207 888 1262 sit.

107 1288 197 1345 XXIII.
224 1291 294 1360 Quis
313 1292 395 1347 suerit
410 1293 539 1364 Papirius
559 1292 769 1360 Praetextatus,
794 1307 866 1363 quae
884 1291 963 1348 istius
973 1295 1069 1346 'eausa

46 1376 194 1442 cognomenti
213 1377 265 1445 sit,
288 1376 461 1449 historiaque
481 1377 535 1434 ista
559 1376 650 1432 omrris
669 1391 754 1447 super
772 1365 874 1432 eodem
891 1377 1002 1447 Papirio
1022 1391 1069 1430 co-

47 1458 105 1528 guitu
118 1459 242 1516 iucunda.

106 1542 208 1600 XXllll.
229 1545 296 1601 Tria
311 1546 516 1619 epIgrammata
531 1545 616 1602 trium
633 1551 760 1600 ueterum
777 1551 939 1618 poetarum,
957 1545 1066 1612 Naeuii,

47 1623 125 1699 Plauti,
134 1629 261 1699 Pacuuii,
282 1646 370 1701 quae,
387 1631 460 1687 lacta
472 1632 506 1687 ab
519 1631 605 1703 ipsis,
624 1630 761 1700 sepulcris
773 1645 871 1686 eorum
884 1630 974 1686 incisa
993 1635 1067 1684 sunt.

107 1711 186 1769 XXV.
219 1715 328 1784 Quibus
353 1716 448 1772 uerbis
465 1716 502 1770 M.
521 1716 613 1770 Varro
632 1713 754 1771 indutias
774 1714 928 1783 definierit;
959 1713 1070 1786 quaesi-

48 1799 131 1867 tumque
142 1799 206 1856 inibi
218 1801 376 1870 curiosius,
395 1815 534 1873 quaenam
546 1800 615 1855 ratio
628 1800 663 1854 sit
675 1801 803 1856 uocabuli
819 1799 996 1856 indutiarum.

108 1880 199 1939 XXVI.
233 1885 325 1954 Quem
344 1886 372 1941 in
390 1884 506 1941 modum
524 1884 592 1940 mihi
614 1883 722 1940 Taurus
745 1883 932 1956 philosophus
952 1899 1070 1955 respon-

49 1960 98 2019 derit
107 1971 288 2040 percontanti,
305 1985 341 2026 an
353 1970 467 2043 sapiens
479 1971 657 2025 irasceretur.

273 2109 473 2171 CAPITVLA
500 2108 604 2172 LIBRI
633 2107 811 2170 SECVNDI.

103 2220 127 2277 l.
147 2223 205 2292 Quo
225 2240 330 2298 genere
352 2227 450 2282 solitus
467 2227 503 2282 sit
519 2225 707 2299 philosophus
720 2224 851 2283 Socrates
869 2240 1003 2281 exercere
1019 2240 1069 2297 pa-

50 2301 143 2362 tientiam
153 2311 297 2382 corporis;
318 2311 410 2382 deque
422 2311 550 2367 eiusdem
561 2312 615 2367 uiri
627 2310 821 2383 temperantia.

109 2390 138 2446 lt.
161 2393 238 2462 Quae
268 2395 337 2451 ratio
362 2396 579 2468 obseruatioque
602 2395 758 2453 officiorum
784 2411 849 2451 esse
873 2394 974 2450 debeat
998 2393 1069 2448 inter

50 2476 251 2552 patresfiliosque
272 2480 301 2534 in
313 2479 515 2536 discumbendo
537 2480 719 2553 sedendoque
737 2485 819 2551 atque
837 2479 867 2534 id
882 2493 973 2550 genus
985 2480 1069 2533 rebus

52 2553 104 2612 doni
116 2561 248 2636 lorisque,
262 2565 286 2620 si
297 2563 346 2619 filii
358 2565 539 2638 magistratus
553 2572 617 2622 sunt
635 2571 662 2621 et
678 2571 773 2637 patres
786 2563 904 2636 priuati;
929 2578 1069 2634 superque

52 2653 74 2694 ca
82 2658 105 2696 re
115 2644 190 2704 Tauri
200 2649 364 2723 philosophi
377 2649 536 2707 dissertatio
549 2656 577 2706 et
588 2652 748 2722 exemplum
759 2665 796 2704 ex
812 2647 931 2704 historia
943 2647 1070 2703 Romana

54 2727 148 2792 petitum.

111 2811 150 2869 ΙΙΙ.
172 2817 232 2887 Qua
254 2820 360 2876 ratione
378 2819 473 2876 uerbis
493 2818 662 2892 quibusdam
678 2817 881 2889 uocabulisque
898 2818 1008 2871 ueteres
1021 2815 1070 2871 im-

54 2895 149 2954 miserInt
159 2901 176 2958 h
188 2905 284 2959 literae
296 2905 433 2978 spiritum.

113 2983 162 3040 llll·
185 2988 275 3057 Quam
287 2992 323 3045 ob
335 3005 452 3046 causam
467 2987 572 3045 Gauius
582 2987 691 3044 Bassus
709 3002 799 3060 genus
812 2984 954 3059 quoddam
972 2985 1069 3040 iudicii

55 3057 219 3128 diuinationem
231 3075 366 3146 appellari
379 3076 524 3147 scripserit
540 3078 568 3128 et
580 3089 664 3144 quam
675 3072 722 3128 alii
735 3088 851 3128 causam
862 3087 926 3128 esse
940 3070 1070 3126 eiusdem

55 3153 153 3210 tocaoutt
169 3157 298 3214 dixerint.

115 3237 145 3293 V·
166 3241 252 3310 Quam
269 3244 363 3317 lepide
375 3243 579 3317 designateque
591 3242 693 3298 dixerit
703 3242 860 3298 Fauorinus
872 3235 1068 3313 philosophus,

59 3317 117 3382 quitl
113 3329 223 3383 intersit
216 3335 286 3385 inter
298 3330 422 3388 Platonis
434 3335 461 3385 et
472 3330 576 3402 Lysiae
589 3328 755 3385 orationem.

116 3407 156 3463 Vl
177 3411 280 3481 Quibus
297 3415 393 3471 uerbis
413 3415 552 3488 ignauiter
574 3419 601 3469 et
625 3413 732 3468 abiecte
750 3410 893 3482 Vergilius
910 3427 979 3467 usus
1004 3425 1069 3466 esse

61 3480 89 3539 dle
74 3495 137 3546 icatur
147 3502 171 3551 et
181 3498 245 3570 quid
256 3499 302 3556 his
311 3501 379 3571 ‚qui
392 3501 517 3572 improbe
530 3499 585 3569 [id]
598 3498 708 3566 dieunt,
725 3495 940 3568 respondeatur
