2456 3918
170 247 211 312 68
636 248 658 306 Ι.
676 263 753 308 xxrr.

129 416 238 562 1332
259 417 387 494 illutque
405 425 513 480 eontra
529 417 669 479 eiusdem
687 412 841 490 Vergili
861 412 1019 490 aliquanto
1039 424 1091 475 est
1106 414 1207 491 proba·

191 519 200 560 1
212 520 275 562 rus:

213 618 493 695 Florentisque
518 627 654 680 secant
680 618 822 704 herbas
846 615 1083 691 fluuiosque
1109 614 1204 674 mini-

212 789 434 864 Famaque,
467 787 673 849 neblando
706 708 1128 931 nequessattraslutperesse
1165 787 1206 842 la·

868 889 942 932 orr:

172 989 326 1065 signifieat
345 988 426 1050 enim
447 1006 543 1067 supra
558 990 697 1052 laborem
714 1007 785 1052 esse
804 1006 906 1065 neque
926 988 1058 1066 opprimi
1071 989 1208 1048 elabora

131 1116 165 1171 ll
235 1109 285 1168 An
297 1113 399 1167 autern
411 1112 606 1184 ‘superesse’
616 1105 750 1170 dixerint
759 1115 882 1171 ueteres
894 1123 952 1184 pro
965 1113 1098 1168 ‘restare
1110 1113 1142 1167 et
1153 1121 1209 1182 per-

131 1201 164 1254 15
173 1191 324 1278 ficiendae
335 1192 380 1252 rei
393 1193 534 1266 deesse’‚
548 1194 785 1268 quaerebamus.
808 1193 883 1252 Nam
896 1191 1117 1252 Sallustius
1135 1190 1165 1250 in
1180 1189 1210 1248 si·

173 1275 516 1352 gnificationeistanon
530 1281 735 1354 ‘superesse'
750 1278 807 1340 sed
826 1280 1013 1353 ‘superare'
1034 1275 1120 1336 dicit.
1144 1277 1209 1332 Ver·

172 1361 292 1421 baeius
314 1361 350 1421 in
371 1363 559 1436 Iugurtha
578 1364 655 1423 haee
676 1367 765 1424 sunt:
789 1364 825 1422 Is
847 1363 1086 1438 plerumque
1110 1376 1210 1421 seor·

174 1463 258 1506 sum
279 1462 298 1504 a
319 1462 410 1521 rege
429 1446 645 1507 exercitum
664 1448 828 1508 ductare
846 1451 882 1506 et
900 1444 1023 1507 omnis
1043 1462 1107 1509 res
1132 1459 1210 1504 exe-

176 1530 241 1605 qui
266 1529 415 1590 solitus
440 1537 536 1604 erat,
570 1548 671 1607 quae
689 1531 902 1608 iugurthae
925 1532 1037 1592 sesso
1060 1536 1122 1591 aut
1144 1543 1211 1588 ma-

133 1614 329 1681 16ioribus
352 1613 522 1677 astricto
547 1624 845 1693 superauerunt.
892 1615 956 1677 Sed
983 1614 1161 1677 inuenimus
1183 1612 1210 1671 iu

174 1697 294 1760 tertio
317 1697 428 1758 Ennii
449 1699 649 1762 annalium
673 1700 703 1761 in
721 1701 782 1762 hoc
799 1717 911 1762 uersu:

217 1818 311 1877 Inde
333 1815 412 1877 sibi
431 1825 617 1880 memorat
640 1837 753 1881 unum
771 1835 891 1895 super
912 1834 1004 1879 esse
1023 1818 1212 1886 laborem,

174 1936 207 1997 id
219 1943 268 1996 est
278 1935 431 2013 reliquum
444 1953 516 1998 esse
527 1944 558 1998 et
569 1944 705 2011 restare,
722 1939 821 2014 quod,
837 1933 908 2014 quia
918 1933 950 1994 id
964 1941 1025 2007 est,
1038 1931 1137 1994 diuise
1150 1950 1215 2010 pro·

175 2020 379 2082 nuntiandum
392 2028 455 2094 est,
467 2028 502 2082 ut
514 2039 576 2084 non
588 2039 734 2100 unapars
747 2019 896 2084 orationis
908 2035 980 2080 esse
991 2017 1152 2094 uideatur,
1165 2017 1215 2078 sed

133 2106 266 2175 17duae.
303 2104 443 2166 Cicero
464 2111 567 2166 autem
584 2106 622 2166 in
644 2102 1109 2176 secundaAntoniarum,
1135 2101 1215 2178 quod

177 2196 226 2250 est
237 2187 407 2264 reliquum,
421 2207 483 2251 non
496 2194 685 2267 ‘superesse
695 2197 716 2265 ',
735 2191 794 2254 sed
806 2193 960 2252 ‘restare’
972 2187 1056 2248 dicit.

135 2289 169 2344 18
238 2275 366 2335 Praeter
377 2272 469 2347 haec,
490 2273 1082 2352 ‘superesse’inuenimusdictumpro
1095 2275 1217 2347 ‘super-³

135 2358 278 2428 lostitem
293 2360 388 2418 esse'.
408 2358 707 2437 ltaenimseriptum
720 2361 811 2423 estin
831 2360 934 2420 libro
956 2303 1217 2436 epistularum

176 2445 217 2503 ll.
243 2441 447 2504 Ciceronis
476 2445 522 2505 ad
553 2447 586 2506 L.
609 2447 792 2507 Plancum
811 2452 843 2506 et
874 2444 911 2505 in
945 2442 1121 2520 epistula
1154 2441 1216 2514 [llll]

176 2526 290 2588 Asini
314 2527 507 2590 Pollionis
533 2531 578 2591 ad
597 2529 827 2592 Ciceronem
844 2527 949 2590 uerbis
968 2527 1031 2590 his:
1056 2529 1216 2632 Namnep

178 2629 250 2688 que
272 2612 415 2673 deesse
442 2614 692 2690 reipublicae
720 2617 815 2676 uolo
838 2631 964 2691 neque
986 2627 1215 2690 superesse

177 2713 235 2774 per
247 2696 333 2773 quod
351 2695 519 2772 signifieat,
540 2698 567 2759 si
583 2699 760 2777 respublica
773 2699 940 2761 emoriatur
952 2703 1115 2776 dpereat,
1141 2695 1207 2758 noll

135 2781 338 2843 aoseuiuere.
374 2783 414 2842 ln
432 2783 564 2843 Plauti
584 2790 686 2846 autem
703 2783 898 2846 Asinaria
915 2783 1107 2845 manifestius
1128 2781 1159 2842 id
1180 2781 1210 2856 ip

177 2883 247 2961 surn
258 2864 414 2961 ‘scriptum
432 2872 481 2928 est
496 2867 527 2927 in
549 2868 596 2930 his
617 2869 776 2943 uersibus,
801 2869 940 2946 quisunt
956 2867 1023 2930 eius
1042 2866 1185 2930 comoedi

177 2966 283 3027 pumr:

220 3065 331 3129 Sicut
356 3075 456 3129 tuum
478 3070 537 3132 uis
556 3069 711 3133 rinieum
738 3069 895 3148 gnatum
917 3079 1006 3132 tuae

221 3151 447 3229 Superesse
471 3154 575 3217 uitae
599 3153 789 3233 sdspitem
815 3163 850 3216 et
872 3153 1149 3233 superstitem.

137 3293 172 3346 21
242 3272 388 3334 Cauenda
398 3272 491 3350 igitur
502 3283 551 3336 est
561 3294 624 3337 non
635 3275 843 3354 inproprietos
863 3277 931 3337 sola
947 3274 1047 3348 uerbi,
1061 3273 1119 3336 sed
1133 3268 1172 3332 eti

180 3357 456 3503 prauitas'odnininia
470 3360 497 3421 si
510 3361 578 3436 quis
590 3361 696 3424 senior
707 3362 881 3424 aduocatus
892 3357 1087 3422 adulescenti
1098 3362 1175 3433 ‘sup

180 3456 306 3503 essese
376 3450 434 3504 cat.
