2456 3918
554 200 590 259 ll.
609 215 721 262 xxvm.

493 461 495 466 ’
570 433 708 497 xxvtll.

117 555 181 612 Non
198 569 263 610 esse
281 560 469 626 compertum,
495 553 539 610 oui
558 552 612 608 deo
630 568 689 607 rem
708 551 833 608 diuinam
850 550 912 605 lieri
930 555 1073 621 oporteat,
1099 567 1163 605 cum

537 641 610 692 terra
633 643 737 691 mouet.

87 799 101 850 1
180 780 336 854 Quaenam
356 793 428 838 esse
452 792 547 838 causa
557 775 715 849 uideatur,
740 775 942 852 quamobrem
957 781 1059 834 terrae
1080 779 1165 847 [tre]-

121 878 224 926 mores
242 861 332 933 flant,
358 877 421 921 non
438 861 533 922 modo
551 859 599 921 his
617 860 833 923 communibus
845 858 1003 920 hominum
1015 858 1165 919 sensibus

121 942 382 1021 opinionibusque
400 950 607 1021 compertum,
631 944 689 1004 sed
708 960 748 1004 ne
770 943 849 1005 inter
869 942 1017 1020 physicas
1037 942 1166 1018 quidem

120 1027 335 1105 philosophias
357 1027 433 1090 satis
448 1027 600 1101 constitit,
622 1034 828 1088 uentorumne
844 1027 875 1087 ui
892 1027 1034 1087 accidant
1045 1042 1165 1103 specus

121 1112 285 1188 hiatusque
302 1118 403 1173 terrae
415 1111 628 1184 subeuntium,
638 1129 677 1171 an
688 1127 838 1187 aquarum
850 1111 958 1172 subter
968 1109 998 1170 in
1008 1117 1166 1171 terrarum

122 1196 208 1258 oanis
221 1195 402 1257 undantium
412 1195 554 1273 pulsibus
567 1195 785 1271 fluctibusque,
796 1195 839 1256 ita
849 1195 893 1255 uti
903 1195 1048 1255 uidentur
1060 1193 1166 1255 existi-

120 1296 226 1342 masse
241 1279 446 1354 antiquissimi
459 1281 663 1353 Graecorum,
678 1280 730 1354 qui
741 1281 917 1356 Neptunum
929 1277 1165 1357 ‘octotpttova'

121 1365 370 1441 appellauerunt,
395 1380 434 1424 an
453 1363 541 1425 cuius
558 1363 635 1424 aliae
655 1364 699 1424 rei
717 1380 812 1424 causa
829 1363 997 1424 alteriusue
1014 1363 1064 1423 dei
1081 1363 1166 1424 uiae

120 1448 259 1521 numine,
280 1448 419 1508 nondum
431 1448 538 1522 etiam,
562 1447 652 1508 sicuti
664 1447 811 1521 diximus,
829 1465 887 1524 pro
901 1455 985 1508 certo
998 1447 1166 1508 creditum.

94 1534 292 1610 aPropterea
302 1538 427 1592 ueteres
434 1532 574 1605 Romani,
588 1548 659 1593 cum
669 1531 699 1592 in
713 1532 855 1594 omnibus
868 1531 934 1592 eliis
945 1532 1027 1593 uitae
1038 1531 1166 1605 ciliciis,

120 1624 185 1677 tum
203 1615 233 1677 in
253 1614 476 1678 constituendis
498 1616 697 1694 religionibus
720 1623 814 1692 atque
834 1615 928 1676 indis
946 1615 1166 1677 inmortalibus

121 1699 401 1762 animaduertendis
410 1700 575 1762 castissimi
586 1700 884 1776 cautissimique,ubi
897 1709 1010 1761 terram
1021 1701 1168 1763 mouisse
1224 1711 1225 1720 ¹

121 1790 284 1845 senserant
295 1784 506 1846 nuntiatumue
517 1792 591 1859 erat,
603 1785 694 1846 letias
706 1785 773 1846 eius
786 1785 831 1845 rei
843 1801 939 1846 causa
951 1785 1053 1845 edicto
1066 1785 1167 1862 impe·

120 1869 238 1942 rabant,
252 1869 309 1930 sed
322 1868 372 1930 dei
383 1886 506 1944 nomen,
519 1870 562 1930 ita
572 1871 617 1931 uti
629 1870 718 1944 solet,
737 1869 786 1932 oui
798 1869 918 1930 seruari
930 1869 1022 1930 terias
1035 1877 1167 1946 oporte-

120 1959 182 2026 ret,
196 1959 332 2014 statuere
349 1960 381 2015 et
395 1955 517 2015 edicere
529 1953 740 2030 quiescebant,
753 1969 803 2028 ne,
816 1953 908 2014 alium
920 1971 978 2030 pro
992 1952 1051 2016 alio
1065 1953 1168 2014 nomi·

95 2038 244 2110 3nando‚
273 2038 351 2098 falsa
373 2038 522 2114 religione
544 2041 695 2115 populum
717 2037 886 2113 alligarent.
930 2039 992 2098 Eas
1017 2037 1114 2098 serias
1140 2037 1168 2098 si
1223 2079 1224 2108 2

121 2119 189 2195 quis
216 2121 382 2196 polluisset
407 2121 594 2197 piaculoque
625 2124 665 2183 ob
688 2122 855 2183 honorem
878 2137 959 2198 opus
985 2127 1084 2194 esset,
1109 2123 1167 2182 ho-

120 2203 268 2264 stiam‘si
289 2205 366 2277 deo,
389 2205 416 2265 si
439 2206 534 2266 deae’
557 2206 771 2280 immolabant;
795 2206 889 2282 idque
906 2206 948 2266 ita
967 2223 1005 2265 ex
1031 2206 1167 2268 decreto

118 2286 300 2362 pontificum
324 2288 524 2350 obseruatum
545 2306 617 2351 esse
634 2291 675 2351 Μ.
695 2291 821 2351 Vario
841 2289 928 2364 dicit,
949 2289 1113 2366 quoniam,
1136 2297 1169 2350 et

120 2386 182 2445 qua
199 2370 230 2430 ui
252 2378 283 2431 et
301 2387 359 2446 per
376 2389 468 2449 quem
487 2372 616 2434 deorum
639 2375 808 2435 dearumue
829 2381 911 2434 terra
931 2381 1095 2447 tremeret,
1121 2375 1168 2434 in·
1222 2409 1223 2418 κ

121 2461 238 2514 certum
254 2461 350 2516 esset.

85 2543 103 2594 l
181 2537 244 2598 Sed
256 2538 295 2599 de
313 2539 404 2600 lullae
421 2540 560 2616 solisque
573 2541 818 2616 deiectionibus
843 2559 907 2604 non
924 2541 1025 2604 minus
1043 2541 1075 2602 in
1093 2541 1168 2602 eius

86 2619 159 2680 arei
177 2637 272 2684 causa
292 2623 477 2699 reperienda
501 2641 573 2687 sese
590 2632 807 2688 exercuerunt.
853 2625 973 2702 Quippe
990 2627 1031 2686 llll.
1048 2628 1166 2699 Cato,

118 2704 166 2765 uir
185 2706 216 2767 in
233 2707 462 2783 cognoscendis
473 2709 568 2770 rebus
586 2710 672 2771 multi
690 2709 799 2784 studii,
821 2709 1053 2771 ineertatamen
1066 2717 1100 2770 et
1119 2711 1167 2770 in·
1221 2751 1222 2792 ᾗ

84 2789 238 2852 ocuriose
261 2808 357 2868 super
379 2809 416 2853 ea
437 2807 472 2853 re
497 2793 642 2869 opinatus
667 2801 725 2856 est.
780 2796 886 2855 Verba
916 2793 1078 2858 Catonis
1115 2812 1166 2854 ex
1221 2799 1222 2828 ³

117 2874 313 2950 originum
337 2883 478 2952 quarto
508 2877 585 2938 haec
608 2885 695 2939 sunt:
725 2879 805 2940 Non
833 2880 942 2940 lubet
963 2877 1166 2952 scribere,

116 2959 223 3030 quod
251 2957 287 3019 in
315 2960 451 3021 tabula
478 2963 582 3036 apud
603 2961 836 3038 pontilicem
860 2962 1064 3024 maximum
1083 2970 1164 3036 est,

115 3041 303 3115 quotiens
322 3059 476 3104 annona
498 3061 604 3120 cara,
624 3046 814 3122 quotiens
835 3049 950 3110 lunae
972 3054 1037 3107 aut
1059 3045 1165 3108 solis
1220 3059 1221 3092 ³

84 3123 261 3187 tlumine
294 3127 423 3203 caligo
457 3135 521 3189 aut
556 3129 649 3206 quid
682 3130 899 3192 obstiterit.
943 3133 1053 3207 Vsque
1077 3131 1164 3192 adeo

112 3208 288 3355 pafu{·fe⁰it
298 3211 436 3274 rationes
447 3229 540 3274 ueras
558 3213 635 3276 solis
648 3222 679 3276 et
689 3217 781 3277 lunae
793 3214 1000 3277 deficientium
1012 3217 1064 3276 uel
1076 3213 1166 3276 scire

112 3309 151 3353 ue
207 3311 299 3356 icere.
