2490 3926
350 227 461 285 INDEX
493 225 761 287 cartrvnottvrn.
802 221 806 229 ’
1032 227 1074 292 33

116 399 160 454 Vl.
188 397 370 470 Quodpudor
382 399 550 471 sanguinem
569 398 607 456 ad
624 404 721 456 extera
739 397 885 469 diffundit,
903 401 985 458 timor
1005 419 1074 459 uero

49 481 173 538 contrahit.

113 567 169 622 Vll.
196 566 271 637 Quid
284 567 320 624 sit
330 571 448 626 obesum
456 584 464 637 ;
485 571 675 642 nonnullaque
688 570 744 626 alia
756 569 852 642 prisca
862 571 1011 626 uocabula.

113 652 179 708 Vlll.
207 652 359 727 Quaestio,
380 670 418 710 an
432 652 554 723 harena,
567 656 691 722 caelum,
710 654 845 723 triticum,
860 655 981 728 pluralia
998 655 1074 712 inue-

46 739 149 806 niantnr;
172 743 255 810 atque
267 738 336 796 inibi
354 737 389 794 de
407 737 568 812 quadrigis,
588 739 757 809 inimicitiis,
775 740 916 798 nonnullis
926 746 1075 812 praeterea

46 824 181 890 uocabulis,
193 840 231 879 an
243 823 382 896 singulari
393 840 511 880 numero
524 825 741 897 comperiantur.

109 907 188 964 VIIII.
213 908 331 965 Antonii
343 909 442 966 Iuliani
459 910 489 966 in
506 910 637 966 conuiuio
657 909 694 966 ad
711 908 850 982 quosdam
862 908 986 966 Graecos
1007 910 1075 984 lepi-

44 992 140 1049 dissima
153 993 315 1066 responsio.

107 1077 140 1132 X.
166 1078 363 1135 Verbahaec:
375 1083 627 1152 praeterpropter,
647 1079 676 1134 in
688 1095 742 1134 usu
755 1079 833 1151 uulgi
843 1077 971 1151 prodita,
989 1080 1073 1136 etiam

43 1162 104 1218 Duil
121 1163 218 1220 luisse.

106 1247 149 1302 XI.
174 1249 259 1303 Ponit
269 1264 371 1305 uersus
383 1249 506 1304 Platonis
519 1249 688 1316 amatorios,
705 1263 775 1320 quos
794 1246 948 1304 admodum
961 1248 1072 1306 iuuenis

42 1331 103 1401 lusit,
122 1331 186 1388 dum
197 1331 357 1406 tragoediis
369 1333 522 1390 contendit.

105 1416 160 1472 XII.
187 1417 356 1474 Dissertatio
379 1417 499 1474 Herodis
522 1418 605 1474 Attici
632 1434 717 1490 super
739 1419 768 1472 ui
791 1424 819 1472 et
841 1422 940 1472 natura
964 1416 1071 1474 doloris

41 1517 143 1574 suaeque
154 1503 299 1576 opinionis
311 1501 457 1559 affirmatio
469 1519 520 1576 per
531 1505 691 1574 exemplum
702 1500 806 1558 indocti
819 1502 930 1570 rustici,
949 1504 996 1574 qui
1008 1518 1072 1558 curn

41 1587 99 1642 ruhis
110 1588 267 1644 fructiferas
280 1590 396 1644 arbores
413 1587 563 1661 praecidit.

103 1670 173 1728 Xlll.
196 1674 277 1742 Quos
295 1671 463 1745 pumiliones
476 1672 612 1739 dicimus,
626 1671 733 1728 Graece
747 1660 857 1740 νάνους
868 1673 1016 1745 appellari.

101 1755 179 1816 XIIII.
203 1756 464 1832 Contemporaneos
482 1759 570 1814 luisse
593 1755 709 1814 Caesari
730 1762 757 1812 et
777 1755 903 1814 Ciceroni
917 1757 955 1812 M.
967 1755 1072 1812 Varro-

39 1853 86 1894 nem
102 1846 125 1896 et
136 1843 167 1898 P.
180 1843 346 1916 Nigidium,
366 1843 467 1900 aetatis
485 1858 554 1900 suae
576 1841 757 1898 doctissimos
767 1840 926 1909 Romanos3
950 1845 977 1894 et
996 1840 1072 1912 quod

37 1922 120 1996 Nigidii
135 1929 387 1984 commentationes
410 1933 524 2001 propter
546 1943 642 1983 earum
665 1927 865 1982 obscuritatem
882 1925 1072 1980 subtilitatem-

39 2022 76 2075 qne
86 2012 110 2065 in
123 2015 226 2086 uulgus
238 2029 295 2069 non
309 2013 436 2080 exeunt]

275 2177 471 2239 CAPITVLA
499 2176 604 2238 LIBRI
636 2173 822 2238 VICESIMI.

99 2321 117 2377 l.
138 2321 299 2396 Disputatio
312 2319 380 2379 Sex.
394 2319 509 2378 Caecilii
522 2319 703 2375 iureconsulti
716 2322 743 2373 el
754 2317 887 2373 Fauorini
907 2317 1070 2390 philosophi

39 2399 62 2453 de
70 2403 170 2476 legibus
184 2406 338 2463 duodecim
349 2408 518 2463 tabularum.

99 2489 131 2545 Π.
163 2490 343 2548 Vocabulum
379 2491 518 2547 silicinum
556 2489 586 2543 in
617 2488 656 2545 Μ.
691 2485 804 2544 Catonis
841 2488 967 2542 oratione
1001 2485 1069 2558 qnid

40 2571 55 2623 si
72 2573 113 2628 nifi
159 2615 167 2630 .

57 2587 71 2642 g
101 2583 156 2714 Helai
174 2660 267 2728 Quam
279 2661 315 2716 ob
328 2674 443 2716 cansam
458 2659 489 2713 L.
501 2657 605 2714 hocius
628 2659 712 2729 poeta
734 2655 762 2711 in
784 2655 966 2729 pragmaticis
985 2655 1069 2711 sicin·

39 2740 106 2797 nisus
116 2746 253 2800 nebuloso
266 2744 378 2800 nomine
391 2759 456 2800 esse
472 2742 585 2799 dixerit.
770 2790 773 2796 ,

100 2827 155 2883 IIll.
180 2827 328 2885 Artificum
350 2829 527 2884 scenicorum
544 2824 667 2882 studium
686 2839 868 2896 amoremque
889 2823 1068 2880 inhonestum

38 2911 237 3046 godobrosumque
249 2929 332 2981 esse;
356 2919 383 2969 et
403 2929 489 2985 super
511 2929 545 2967 ea
567 2927 598 2966 re
620 2911 709 2967 uerba
725 2908 887 2966 Aristotelis
903 2907 1068 2981 philosophi

67 3005 301 3154 Strqpttakxempm
313 3055 498 3156 epistularum
509 3078 665 3138 Alexandri
684 3077 762 3150 regis
781 3084 809 3133 et
825 3078 987 3135 Aristotelis
1006 3077 1067 3150 phi·

38 3158 145 3234 tosophi‚
166 3168 203 3223 ita
214 3167 254 3223 uti
265 3167 432 3236 suntedita;
455 3181 544 3239 eaque
557 3166 724 3237 intinguam
735 3163 861 3220 Latinam
876 3179 969 3220 uersa.

103 3264 151 3321 VI·
177 3267 341 3337 Quaesitum
359 3275 440 3342 atque
453 3271 616 3333 tractatum,
638 3268 730 3320 utrum
754 3264 807 3321 siet
828 3265 932 3321 rectius
955 3261 1066 3318 dicere:

38 3341 111 3404 habeo
123 3365 215 3410 curam
225 3355 328 3424 uestri,
352 3369 402 3411 an:
419 3357 554 3411 uestrum.
878 3409 880 3414 ,

105 3448 161 3506 vu.
193 3452 283 3522 Quam
305 3455 437 3512 diuersae
461 3451 633 3510 Graecorum
661 3449 815 3504 sententiae
842 3461 927 3520 super
950 3459 1068 3502 numero

38 3522 130 3588 Niobae
145 3535 270 3594 tiliorum.

89 3615 204 3680 Gnnnrvs.
879 3608 900 3670 3
