2456 3918
475 254 523 316 lll.
543 269 576 312 11.
589 269 636 312 111.
1006 250 1065 314 115

77 423 174 476 noctem
189 415 349 479 inluceseit.
378 419 429 480 Ad
446 419 506 479 hoe
526 417 600 479 ritus
618 434 743 495 quoque
761 425 791 480 et
804 435 872 480 mos
889 418 1068 496 auspicandi
1077 435 1109 486 ιο

76 499 180 559 eandem
196 517 261 562 esse
272 503 521 563 obseruationem
539 502 646 562 docet:
663 519 733 562 nam
745 502 957 578 magistratus,
973 519 1066 578 quan-

75 583 104 643 do
117 599 168 643 uno
183 583 228 644 die
246 582 289 645 eis
305 584 527 661 auspicandum
550 590 598 644 est
613 593 643 645 et
663 585 708 660 id,
731 601 826 662 super
845 603 906 660 quo
929 583 1067 662 auspica-

75 672 173 739 uerunt,
189 669 346 742 agendum,
362 676 434 744 post
449 666 579 728 mediam
595 675 718 730 noctem
734 667 933 745 auspicantur
950 675 980 728 et
995 675 1069 744 post

73 748 200 810 meridiem
219 752 285 812 sole
301 758 425 827 magn[o
447 758 555 827 aglunt
580 751 791 829 auspicatique
818 768 891 814 esse
912 760 943 812 et
965 751 1067 827 egisse

73 833 159 893 eodem
172 833 218 894 die
233 835 384 896 dicuntur.
414 837 577 897 Praeterea
588 835 702 897 tribuni
717 835 833 914 plebei,
858 853 938 913 quos
952 837 1068 898 nullum
1079 848 1110 901 11

72 914 132 976 diem
149 917 254 980 abesse
276 921 380 981 Roma
395 919 480 992 licet,
504 935 573 980 cum
596 927 670 995 post
692 919 823 981 mediam
839 927 962 982 noctem
976 918 1068 995 proli-

72 998 200 1061 eiseuntur
219 1009 250 1062 et
271 1009 346 1080 post
365 1003 494 1079 primam
511 1005 609 1064 lacem
634 1010 704 1064 ante
728 1003 860 1064 mediam
887 1009 1068 1078 sequentem

70 1089 250 1158 reuertuntur,
278 1104 341 1149 non
365 1087 509 1148 uidentur
534 1087 650 1148 afuisse
670 1105 764 1148 unum
790 1087 886 1161 diem,
915 1086 1067 1162 quoniam,

70 1173 122 1225 onte
139 1167 239 1230 boram
260 1169 361 1231 noctis
384 1178 503 1232 sextam
523 1170 673 1246 regressi,
700 1177 788 1248 parte
815 1169 916 1246 aliqua
936 1169 1016 1230 illius
1039 1169 1069 1228 in

70 1249 125 1308 urbe
137 1251 227 1312 Roma
244 1261 326 1315 sunt.

113 1335 163 1409 [o]
175 1353 300 1414 quoque
311 1337 474 1399 Mucium
489 1339 731 1400 iureconsultum
747 1338 849 1400 dicere
864 1337 987 1401 solitum
999 1335 1067 1412 legi,
1079 1347 1112 1400 12

70 1433 113 1476 non
128 1434 192 1480 esse
209 1428 391 1498 usurpatam
405 1421 578 1495 mulierem,
600 1437 694 1498 quae,
717 1439 786 1484 cum
801 1420 947 1484 Kalendis
963 1423 1069 1481 lanua-

69 1499 105 1560 riis
116 1504 189 1578 apud
202 1502 304 1566 uirum
320 1505 502 1568 matrimonii
517 1522 612 1567 eausa
626 1523 699 1568 esse
712 1505 883 1585 coepisset,
901 1512 972 1568 ante
988 1503 1069 1564 diem

68 1584 112 1643 llll.
130 1586 280 1649 Kalendas
300 1589 456 1650 Ianuarias
485 1596 653 1665 sequentes
680 1598 861 1668 usurpatum
886 1590 978 1652 isset:
1007 1605 1069 1649 non
1080 1597 1112 1652 13

69 1667 127 1728 enim
143 1687 235 1746 posse
256 1671 377 1750 impleri
399 1673 590 1747 trinoctium,
617 1675 701 1750 quod
722 1675 834 1736 abesse
853 1691 872 1735 a
894 1672 961 1736 uiro
982 1689 1070 1734 usur·

67 1752 138 1823 pandi
151 1770 243 1816 eausa
259 1772 299 1816 ex
314 1756 519 1820 duodecim
534 1757 678 1818 tabulis
695 1759 836 1831 deberet,
855 1755 999 1833 quoniam
1011 1762 1070 1816 ter-

69 1833 110 1893 tiae
128 1839 220 1900 noetis
243 1839 429 1916 posterioris
453 1859 509 1902 sex
531 1841 627 1903 horae
647 1842 772 1904 alterius
788 1841 859 1902 anni
875 1847 996 1913 essent,
1019 1838 1071 1914 qui

66 1918 187 1994 inciperet
200 1940 240 1983 ex
254 1923 413 1986 Kalendis.

111 2005 200 2066 Istaec
222 2012 327 2068 autem
342 2007 445 2070 omnia
460 2010 499 2069 de
514 2008 631 2070 diemm
647 2008 838 2085 temporibus
856 2015 888 2069 ct
900 2007 1012 2068 linibus
1031 2007 1071 2066 ad
1080 2015 1113 2069 14

66 2084 293 2177 obsemationenr
307 2090 562 2170 disciplinamque
582 2091 656 2154 iuris
674 2093 790 2170 antiqui
803 2092 1070 2170 pertinentiarum

65 2170 207 2235 inlibris
227 2182 407 2237 ueterum
425 2175 650 2250 inueniremus,
672 2194 734 2239 non
752 2176 980 2245 dubitabamus,
998 2175 1069 2251 quin

65 2250 241 2332 Vergilius
262 2275 388 2335 quoque
410 2259 442 2320 id
461 2259 563 2336 ipsum
581 2261 766 2336 ostenderit,
788 2277 850 2322 non
872 2258 1013 2338 exposite
1028 2266 1071 2320 at-

65 2352 109 2408 que
122 2349 238 2416 aperte,
263 2344 335 2417 sed,
360 2351 395 2404 ut
410 2343 566 2405 hominem
582 2345 685 2407 decuit
698 2344 837 2422 poeticas
853 2361 904 2406 res
920 2350 1071 2420 agentem,

64 2424 200 2485 recondita
216 2433 247 2486 et
265 2427 354 2502 quasi
370 2434 480 2504 operta
494 2427 609 2490 ueteris
627 2428 702 2491 ritus
718 2427 959 2505 significatione:

126 2524 987 2602 Torquet,inquit,mediosnoxumidacursus
1081 2535 1114 2588 15

93 2603 193 2668 Etme
209 2625 352 2671 saeuus
370 2609 481 2685 equis
499 2607 632 2672 oriens
648 2610 803 2672 aillauit
824 2609 986 2671 anhelis.

61 2701 103 2764 His
121 2709 196 2769 enim
219 2708 364 2771 uersibus
385 2707 526 2784 oblique,
549 2708 639 2770 sicuti
666 2709 742 2784 dixi,
772 2711 941 2772 admonere
964 2705 1071 2778 uoluit,
1083 2713 1115 2768 lb

63 2785 137 2926 ldiem,
152 2791 244 2889 quem
259 2791 390 2854 Romani
405 2792 564 2853 ‘ciuilem’
577 2795 819 2871 appellauerunt,
835 2798 955 2855 asexta
972 2787 1072 2851 noctis

79 2887 121 2932 ora
136 2892 217 2937 orrrr.

530 3029 580 3090 lll.

63 3138 92 3196 lle
103 3150 247 3206 noscendis
261 3149 497 3223 explorandisque
509 3153 598 3208 Plauti
611 3149 775 3219 comoediis,
792 3153 922 3224 quoniam
933 3151 1073 3223 promisce

94 3240 262 3306 remeatque
277 3236 366 3291 falsae
378 3236 490 3290 nomine
504 3235 564 3291 eius
580 3236 730 3307 inscriptae
746 3236 885 3302 leruntur;
901 3227 984 3306 atque
996 3235 1073 3302 inibi,

94 3313 160 3382 quod
176 3319 290 3374 Plautus
308 3326 335 3374 et
348 3319 472 3375 Naeuius
488 3321 516 3374 in
532 3335 645 3374 carcere
664 3320 773 3376 fabulas
789 3319 978 3390 scriptitarint.

112 3427 224 3490 Verum
243 3448 313 3492 csse
337 3431 525 3509 comperior,
555 3433 640 3508 quod
661 3434 813 3510 quosdam
834 3431 913 3492 bene
935 3431 1098 3494 literatos!

61 3501 184 3573 homines
197 3513 299 3576 dicere
311 3515 427 3596 audiui,
444 3515 496 3592 qui
507 3517 674 3592 plerasque
689 3515 815 3578 Plauti
827 3515 1007 3658 gqmoedias
1025 3531 1074 3574 eu-
