2456 3918
449 231 471 289 l.
491 245 559 290 xrrr
582 247 664 292 xrur.
1010 231 1052 298 57

46 391 177 467 ad†nag.
192 393 224 452 G.
238 397 319 455 mole
331 396 515 471 attenrsrurn
529 399 687 462 sociorum
700 398 931 475 amicorumque
943 401 1052 478 populi

44 475 163 549 lontani,
183 483 215 538 ut
230 495 271 540 ex
287 480 375 541 malis
392 481 531 557 duobus,
555 501 635 560 quos
648 485 732 561 apud
744 500 800 545 eos
813 483 959 558 uidisset
983 493 1052 548 uter

43 576 118 620 naor
128 568 219 636 esset
245 579 315 624 eum
327 565 392 626 rnrt
380 567 507 628 endum
519 575 650 629 curaret
694 571 801 641 Tum†
818 585 898 665 mag
919 570 1097 636 &com-12

43 649 123 719 pcrto,
140 649 340 722 quamobrem
351 652 464 712 malurn
476 652 681 728 desiderare
655 659 778 727 t,non
802 651 1050 728 utiiussuserat,

42 730 175 804 naiorenr,
197 733 270 806 sed,
296 751 387 808 quem
409 752 480 797 esse
497 738 594 814 magis
612 739 757 799 idoneum
774 737 988 814 aptioremque
1011 740 1051 798 la-

43 813 127 874 ciendo
139 815 221 875 arieti
233 817 465 916 facilioremque
476 829 601 897 portatu
614 823 694 883 exist
682 821 822 896 timebat,
835 821 986 883 minorem
998 822 1051 882 mi·

41 897 75 956 sit
95 900 213 962 crassus
226 918 300 963 eum
310 919 417 964 uocari
429 905 520 967 russrt
531 914 576 980 et
590 923 659 968 cum
671 908 904 982 interrogasset
918 923 974 968 cur
985 923 1047 968 non
1061 916 1096 970 13

41 997 109 1055 quern
120 981 249 1046 iusserat
261 986 414 1062 misisset,
439 990 541 1052 causis
554 991 788 1089 rationibusque
801 1007 878 1067 quas
891 991 1049 1052 dictitabat

41 1066 141 1143 spretis,
162 1071 349 1134 uestimenta
361 1074 481 1134 detrahi
498 1074 663 1152 imperauit
679 1075 838 1152 uirgisque
857 1078 986 1137 multum
1002 1092 1051 1137 ce·

42 1150 104 1224 cidit,
120 1156 279 1252 corrumpi
297 1165 390 1234 atque
409 1159 540 1220 dissolui
557 1160 693 1222 officium
712 1175 803 1222 omne
815 1159 993 1236 imperantis
1005 1177 1051 1220 ra·

41 1241 86 1309 us,
105 1237 127 1298 si
138 1239 204 1315 quis
217 1241 319 1315 adid,
344 1243 429 1318 quod
441 1243 562 1304 lacere
555 1261 660 1306 iussus
673 1251 734 1316 est,
758 1261 821 1306 uon
834 1244 986 1320 obsequio
999 1245 1052 1304 de·

41 1317 97 1392 bito,
117 1325 170 1384 sed
189 1325 320 1387 consilio
334 1344 397 1387 non
410 1327 568 1388 desiderat
555 1334 587 1390 to
600 1329 800 1406 respondeat.

488 1557 580 1620 Xllll.

41 1724 92 1790 tuo
100 1728 193 1786 dixerit
204 1732 360 1802 feceritque
374 1730 404 1787 C.
418 1731 578 1797 Fabricius,
601 1747 707 1802 magna
726 1732 769 1786 uir
781 1731 873 1802 gloria
884 1730 1051 1802 magnisque

68 1815 135 1870 rebus
147 1817 253 1887 gestis,
274 1815 326 1872 sed
338 1816 462 1872 familiae
472 1817 667 1886 pecuniaeque
680 1817 778 1886 inops,
797 1831 860 1870 curn
873 1814 898 1870 ci
911 1813 1051 1870 Samnites

66 1903 189 1970 tamquam
207 1899 347 1972 indigenti
358 1917 446 1972 graue
459 1916 556 1956 aurum
569 1899 716 1956 donarent.

81 2080 191 2142 lulius
225 2081 454 2158 Hyginus
446 2101 487 2144 rn
520 2081 623 2143 libro
658 2083 707 2142 de
741 2080 823 2142 uita
855 2081 1081 2156 rebusquel

40 2157 236 2227 inlustrium
257 2166 432 2229 uirorunr
454 2173 572 2228 sexto
554 2169 677 2241 elegat
678 2183 715 2227 os
738 2165 846 2226 dicite
865 2164 1051 2227 Samnitibus

40 2245 98 2306 C
109 2248 309 2310 Fabricium
282 2258 433 2328 ,imperat
435 2269 520 2313 orem
533 2250 787 2328 populiRomani,
800 2249 926 2312 uenisse
938 2257 978 2324 et,
990 2266 1051 2310 me-

41 2332 135 2394 noratis
147 2333 252 2396 multis
265 2335 451 2411 magnisque
461 2337 574 2408 rebus,
588 2351 668 2411 quae
680 2336 761 2395 bene
773 2351 809 2395 ac
821 2334 966 2396 beniuole
977 2340 1052 2410 post

40 2414 158 2480 redditam
168 2435 282 2497 pacem
293 2419 481 2482 Samnitibus
494 2419 629 2492 lecisset,
643 2418 794 2496 optulisse
807 2419 890 2480 dono
903 2418 1051 2494 grandem

42 2502 172 2568 pecuniam
186 2520 377 2580 orasseque,
396 2504 441 2566 uti
460 2505 617 2581 acciperet
627 2509 837 2579 utereturque,
856 2502 992 2579 atqueid
1011 2503 1052 2561 la-

40 2595 89 2642 ccre
103 2585 252 2656 Samnites
276 2587 411 2664 dixisse,
438 2590 523 2666 quod
538 2588 680 2650 uiderent
696 2589 791 2649 multa
802 2587 841 2647 ad
853 2587 1052 2664 splendorem

41 2665 124 2732 donus
141 2680 235 2750 atque
252 2673 356 2735 uictus
369 2673 477 2735 defieri
494 2691 596 2751 neque
607 2690 665 2750 pro
677 2671 877 2750 amplitudine
893 2669 1052 2746 dignitate-

42 2765 83 2822 que
92 2755 199 2819 lautum
211 2765 354 2835 paratum
367 2775 449 2820 esse.
497 2761 574 2821 Tum
585 2754 757 2821 Fabricium
769 2759 877 2834 planas
891 2770 1001 2815 manus
1014 2752 1082 2812 aba

42 2836 136 2901 acubus
155 2844 195 2904 ad
213 2845 323 2904 oculos
343 2850 374 2903 et
391 2843 473 2905 inlra
498 2842 647 2918 deinceps
669 2842 709 2902 ad
731 2857 823 2902 nares
847 2845 877 2900 et
900 2840 940 2898 ad
963 2855 1000 2900 os
1023 2843 1054 2898 ct

42 2919 173 2996 ligulam
202 2933 296 3003 atque
317 2927 390 2988 inde
412 2945 508 3006 porro
531 2928 571 2988 ad
592 2933 733 2988 uentrem
761 2924 855 2985 imum
884 2921 1054 2984 deduxisse

43 3004 451 3098 tte,aus1tarespond1sse
475 3013 548 3074 dum
560 3011 619 3073 rllrs
633 3009 776 3072 omnrbus
788 3008 948 3081 niembns
974 3023 1054 3084 quae

43 3087 179 3181 attigisset,
221 3097 322 3158 obsist
309 3103 376 3157 tere
408 3105 502 3174 atque
538 3096 691 3173 imperare
723 3101 848 3171 posset,
886 3107 1054 3168 numquam

44 3169 175 3262 quicquarn
198 3181 391 3253 defuturum
425 3187 593 3259 propterea
614 3197 650 3240 se
671 3179 849 3256 pecuniam,
887 3194 948 3253 qua
981 3172 1053 3234 nihil

44 3251 167 3324 b1esset
188 3283 280 3340 usus,
306 3265 345 3325 ab
364 3264 426 3338 his,
451 3265 562 3342 quibus
587 3279 655 3324 eam
679 3262 773 3325 sciret
795 3280 866 3323 usur
878 3277 966 3332 esse
990 3275 1052 3320 non

44 3341 164 3419 accipere.
