2490 3926
336 189 447 246 INDEX
477 187 745 246 CAPl‘l'VLORVM.
1026 185 1066 252 17

28 359 107 412 ltema
124 358 301 414 melotidem
321 357 476 430 acceperit,
490 373 561 429 quae
579 373 615 412 ex
632 357 725 413 medio
739 360 934 432 communique
950 377 1005 416 usu
1016 360 1067 416 La·

28 443 73 496 tine
83 441 254 513 loquentium
266 443 379 497 minime
390 443 491 499 Latina
509 443 564 498 sint
584 458 674 514 neque
696 443 725 497 in
747 448 874 499 ueterum
891 443 968 500 libris
988 460 1067 517 repe·

28 527 131 580 riantur.

97 609 141 664 III.
169 610 260 680 Quem
279 611 308 665 in
325 610 439 666 modum
457 615 485 666 et
502 627 585 682 quam
599 627 698 665 seuere
719 612 905 683 increpuerit,
930 611 1067 668 audienti-

27 697 71 750 bus
90 695 185 762 uobis,
212 695 384 766 Peregrinus
406 693 593 767 philosophus
618 694 831 752 adulescentem
854 697 1011 753 Romanum
1031 713 1067 752 err

28 780 136 848 equestri
149 780 273 847 lamilia,
293 784 414 834 stantem
426 794 543 851 segnem
555 778 631 849 apud
646 796 676 835 se
691 785 719 835 et
731 781 847 837 assidue
859 782 1035 837 oscitantem.

99 863 153 920 lllI.
178 862 261 931 Quod
283 861 464 932 Herodotus,¹
493 863 612 934 scriptor
641 863 778 921 historiae
803 867 1066 934 memoratissimus,

28 963 113 1018 parum
127 964 196 1003 uere
215 948 331 1015 dixerit,
354 963 439 1002 unam
453 949 598 1018 solamque
613 948 710 1019 pinum
725 951 855 1006 arborum
869 951 992 1006 omnium
1004 967 1068 1006 cae·

29 1048 78 1086 sam
88 1047 239 1104 numquam
250 1031 343 1087 denuo
355 1047 391 1085 ex
404 1030 505 1086 iisdem
517 1030 661 1088 radicibus
678 1034 834 1104 pullulare;
859 1039 887 1092 et
903 1034 980 1106 quod
1002 1036 1067 1090 item

31 1114 57 1168 de
74 1132 145 1187 aqua
166 1117 286 1188 pluuiali
308 1120 336 1170 et
352 1116 417 1170 niue
433 1131 493 1170 rem
510 1131 567 1170 non
586 1117 654 1172 satis
673 1119 847 1189 exploratam
857 1135 909 1190 pro
923 1125 1067 1191 comperta

29 1203 153 1271 posuerit.

99 1285 134 1338 V.
158 1283 232 1354 Quid
249 1283 319 1340 illud
337 1286 386 1351 sit,
401 1284 477 1355 quod
493 1284 638 1356 Vergilius
659 1289 769 1343 caelum
788 1293 862 1345 stare
882 1290 1015 1360 puluere,
1040 1295 1067 1342 et

29 1369 92 1439 quod
104 1369 227 1425 Lucilius
238 1375 339 1441 peetus
352 1369 477 1424 sentibus
491 1375 567 1424 stare
580 1367 661 1424 dixit.

98 1453 147 1508 Vl.
171 1453 240 1514 uum
250 1459 316 1525 post
328 1450 550 1509 offensiunculas
562 1454 590 1508 in
602 1455 723 1524 gratiam
736 1456 884 1524 redeatur,
905 1457 1067 1528 expostula-

29 1537 180 1594 honestiori
197 1546 308 1594 mutuas
328 1538 441 1592 minime
459 1536 525 1592 utile
545 1552 626 1606 esse,
650 1555 790 1613 superque
813 1557 848 1598 ea
872 1556 902 1595 re
925 1549 952 1595 et
973 1556 1066 1596 sermo

30 1619 101 1676 lauri
111 1624 256 1695 expositus
269 1629 297 1677 et
314 1623 401 1677 uerba
413 1637 448 1676 ex
460 1619 647 1692 Theophrasti
668 1624 738 1679 libro
752 1633 880 1696 sumpta;
899 1631 926 1680 et
945 1623 1012 1696 quid
1029 1625 1067 1680 lll.

30 1721 126 1777 quoque
140 1707 238 1763 Cicero
254 1707 289 1763 de
303 1722 398 1763 amore
412 1705 552 1761 amiciliae
565 1707 701 1776 senserit,
721 1725 784 1765 cum
802 1710 891 1781 ipsius
911 1710 1006 1765 uerbis
1020 1709 1068 1764 ad·

32 1788 115 1847 ditum.

100 1875 160 1930 Vll.
182 1877 225 1932 Ex
241 1875 401 1933 Aristotelis
423 1874 509 1940 libro,
526 1875 572 1944 qui
594 1867 673 1952 [περὶ
690 1866 820 1951 μνήμης]
842 1878 992 1948 inscriptus
1015 1881 1067 1943 est,

33 1959 129 2030 cognita
142 1966 315 2034 acceptaque
327 1961 363 2016 de
374 1963 475 2015 natura
486 1960 639 2015 memoriae
651 1964 679 2013 et
689 1959 802 2028 habitu;
826 1966 908 2032 atque
928 1961 993 2016 inibi
1012 1961 1067 2016 alia

34 2043 158 2112 quaedam
170 2045 205 2100 de
216 2044 402 2102 exuberantia
414 2048 461 2098 aut
472 2042 584 2098 interitu
595 2043 656 2099 eius
667 2045 739 2101 lecta
751 2044 911 2117 auditaque.

102 2129 173 2184 VllI.
198 2129 272 2198 Quid
292 2130 361 2187 mihi
384 2144 437 2183 usu
460 2128 581 2195 uenerit,
605 2129 782 2200 interpretari
794 2142 821 2185 et
840 2129 921 2202 quasi
931 2128 1066 2202 effingere

36 2213 121 2268 uolenti
133 2215 213 2270 locos
226 2215 366 2285 quosdam
379 2212 539 2269 Platonicos
551 2211 651 2268 Latina
663 2215 798 2271 oratione.

101 2297 185 2353 VIIII.
207 2299 290 2367 Quod
307 2294 519 2368 Theophrastus
538 2295 742 2368 philosophus,
764 2299 854 2354 omnis
874 2316 942 2356 suae
967 2299 1066 2355 aetatis

36 2377 256 2452 iucundissimus,
280 2384 369 2439 uerba
384 2395 478 2452 pauca
504 2379 541 2436 ad
558 2381 694 2452 populum
711 2383 913 2439 Atheniensem
932 2385 1065 2449 tacturus,

37 2461 181 2522 deturbatus
192 2467 366 2523 uerecundia
378 2465 542 2532 obticuerit3
565 2465 697 2537 quodque
716 2467 792 2523 idem
809 2467 864 2522 hoc
876 2466 1066 2535 Demostheni,

38 2548 98 2615 apud
106 2550 265 2623 Philippum
276 2567 374 2622 rogem
387 2551 475 2606 uerba
485 2549 616 2618 facienti,
633 2551 768 2606 euenerit.

102 2633 138 2688 X.
167 2635 263 2703 Qualis
285 2635 354 2691 mihi
375 2635 457 2690 luerit
480 2634 508 2688 in
534 2633 639 2706 oppido
661 2633 793 2691 Eleusine
816 2633 982 2707 disceptatio
1005 2651 1068 2691 cum

39 2719 200 2782 grammatico
220 2719 345 2791 quodam
362 2718 567 2792 praestigioso,
592 2725 720 2789 tempora
739 2721 888 2776 uerborum
906 2725 934 2775 ct
948 2719 1068 2790 puerilia

39 2800 218 2860 meditamenta
229 2806 393 2876 ignorante,
411 2807 581 2859 remotarum
592 2808 685 2857 autem
697 2805 892 2874 quaestionum
911 2803 1028 2859 nebulas
1042 2809 1071 2858 et

40 2879 184 2943 tormidines
196 2887 344 2961 capiendis
358 2887 550 2959 imperitorum
563 2885 665 2942 animis
677 2892 846 2945 ostentante.

105 2969 150 3026 Xl.
174 2972 265 3040 Quam
288 2973 389 3030 festiue
411 2971 591 3043 responderit
611 2969 795 3045 Xanthippae
820 2971 901 3028 uxori
925 2969 1066 3032 Socrates.

36 3037 141 3150 laetenti,
153 3061 182 3111 ut
191 3073 243 3128 per
258 3055 398 3130 Dionysia
410 3057 534 3128 largiore
545 3060 658 3128 sumptu
669 3059 833 3113 cenitarent.

38 3165 39 3172 ἒ
107 3137 163 3194 Xll.
183 3139 258 3208 Quid
270 3141 411 3214 elgnificet
427 3141 456 3195 in
468 3145 594 3197 ueterum
614 3140 693 3196 libris
713 3142 848 3212 scriptum
866 3140 993 3212 plerique
1010 3153 1068 3191 om·

72 3233 95 3285 ⁵3
113 3228 139 3278 et
154 3225 229 3296 quod
242 3241 279 3281 ea
289 3229 377 3284 uerba
392 3230 509 3295 accepta
522 3241 539 3280 a
552 3224 667 3282 Graecis
680 3225 821 3282 uidentur.

110 3305 177 3363 XIII·
191 3310 212 3377 †
224 3313 383 3384 Cupsones,
395 3309 470 3382 quod
493 3308 621 3366 homines
638 3309 700 3364 Airi
719 3310 829 3377 dicunt,
849 3324 905 3363 non
924 3322 988 3363 esse
1006 3321 1072 3360 uer-—

104 3388 264 3462 Poenicum,
278 3394 331 3452 scd
343 3395 490 3452 Graecum.

95 3473 189 3610 GXllll.
215 3479 406 3550 Lepidissima
427 3479 571 3536 altercatio
587 3477 720 3534 Fauorini
740 3475 917 3614 philosophi2
929 3473 1069 3530 aduersus

114 3575 211 3619 murus.
