2456 3918
485 187 520 253 ll.
542 201 641 247 xxvrr.

500 423 624 486 XXVII.

69 541 159 609 Ouidi.
167 539 314 598 Castricius
327 541 493 598 existimarit
503 559 588 615 super
599 543 725 600 Sallustii
736 543 830 598 uerbis
843 540 1082 613 etDemosthenis,

172 627 270 698 quibus
284 626 353 682 alter
365 625 523 698 Philippum
537 627 696 700 descripsit,
709 629 779 684 alter
791 625 956 684 Sertorium.

115 775 209 836 Verba
226 779 300 836 sunt
316 773 394 834 hoec
412 772 520 871 grauia
536 781 567 835 at
559 790 633 876 que
651 771 781 836 illustria
803 773 841 834 de
857 789 930 849 rege
944 771 1111 850 Plrilippo1

66 858 335 922 Demosthenis:
357 848 513 934 Εωρων
535 849 566 919 6
586 849 714 921 αὐτὸν
736 849 842 934 [τὸν]
862 856 914 921 Φί
917 859 1083 941 λικττον,

66 936 145 1024 πρὸς
164 934 210 1005 ὃν
230 930 280 1023 ἦν
301 933 402 1045 ἡμῖν
424 935 488 1005 6’
470 935 602 1045 apsis,
631 935 785 1026 riato’
767 944 890 1026 αρχῆς
917 939 985 1006 καὶ
1011 941 1085 1006 66-

65 1027 231 1102 ναστελας
267 1019 342 1089 τὸν
351 989 602 1130 ὀφθαλμὸν
644 1025 978 1129 ἐκκεκομμένον,
1013 1022 1085 1108 τὴν

66 1115 157 1174 κλεῖν
176 1103 430 1214 κατεαγότα,
458 1107 531 1195 τὴν
553 1121 688 1197 χεῖρα,
717 1105 759 1176 τὸ
786 1111 928 1189 σκέλος
933 1131 1085 1215 κεκτη-

67 1193 247 1298 ρομένον,
283 1199 362 1259 πᾶν
393 1190 414 1259 6
443 1218 481 1262 τι
513 1199 742 1281 βουληθείη
721 1197 895 1284 ημέρος
926 1189 947 1280 ἡ
985 1192 1084 1280 τύχη

66 1274 326 1382 τοῦσώματος
352 1280 623 1386 παρελέσθαι,
656 1285 780 1347 τοῦτο
812 1279 1084 1367 προϊέμενον,

66 1355 144 1427 ὥστε
163 1369 214 1451 τῷ
236 1365 367 1451 λοιπῷ
388 1361 486 1448 μετὰ
513 1368 630 1450 τιμῆς
657 1364 724 1432 καὶ
745 1363 863 1450 δόξης
887 1367 967 1451 ζῆν.
1000 1371 1114 1436 Haece

66 1429 199 1513 aemulari
210 1453 325 1514 uolens
343 1427 558 1516 Sallustius
582 1455 622 1515 de
640 1453 778 1518 Sertorio
804 1454 940 1518 ducem
964 1453 1086 1516 histo-

66 1535 115 1596 riis
132 1536 172 1596 ita
193 1535 336 1598 scribsit:
364 1538 496 1615 Magna
518 1539 644 1614 gloria
665 1539 844 1602 tribunus
867 1539 964 1600 milit
951 1547 1027 1601 turn
1048 1539 1084 1599 in

65 1617 243 1697 Hispania,
273 1622 307 1681 T.
325 1621 434 1684 Didio
457 1623 689 1701 imperante,
712 1642 847 1701 magno
870 1623 958 1686 usui
979 1625 1084 1685 bello

64 1703 204 1768 llarsico
232 1712 377 1784 paratu
399 1706 558 1769 rnilitum
576 1715 612 1769 et
629 1727 817 1772 armorum
840 1707 927 1784 tuit,
956 1710 1085 1771 multa-

66 1805 119 1862 que
155 1797 230 1852 tum
265 1791 380 1852 ductu
414 1792 497 1853 eius
534 1791 764 1871 [iussulquc
796 1801 924 1871 parta,
962 1792 1084 1871 primo

64 1888 115 1946 per
134 1873 432 1952 ignobilitatem,
462 1876 599 1938 deinde
621 1896 690 1957 per
711 1877 894 1940 inuidiam
916 1877 1085 1954 scripto-

63 1971 124 2017 rum
150 1962 277 2022 celato
300 1967 410 2035 sunt
437 1977 536 2038 quae
557 1962 670 2026 uiuus
693 1961 794 2024 tocie
818 1979 887 2024 sua
911 1968 1068 2022 ostenta
1050 1977 1085 2022 a·

63 2038 112 2101 bat
101 2043 300 2122 taliquot
287 2045 523 2108 taduersis
563 2047 896 2109 cicatricibuset
929 2047 1083 2109 effosso

64 2129 166 2190 oculo.
212 2129 312 2204 Quin
336 2129 403 2192 ille
427 2131 779 2195 dehonestamento
805 2129 990 2210 corporis
1012 2147 1085 2190 nra-

63 2208 143 2272 xime
164 2214 411 2290 lactabatur,
441 2233 567 2291 neque
587 2216 670 2279 illis
693 2216 854 2292 anxius,
878 2215 967 2293 quia
988 2214 1085 2277 reli·

64 2311 121 2367 qua
140 2297 364 2372 gloriosius
386 2307 445 2360 ret
432 2299 596 2361 tinebat.

110 2381 218 2444 lieut'
181 2382 501 2460 tnusquehisucrbis
521 2385 581 2446 Tit
568 2393 629 2447 tus
649 2386 868 2449 Castricius
889 2384 1113 2452 omnisciens

62 2471 109 2525 ret:
130 2471 284 2542 ‘nonne’‚
305 2467 419 2544 inquit,
441 2472 540 2530 ‘ultra
561 2477 688 2532 naturae
707 2471 860 2532 humanae
881 2471 1008 2533 modurn
1026 2474 1083 2540 est,

63 2547 324 2615 dehonestamento
348 2553 489 2649 corporis
513 2555 574 2614 lact
562 2553 813 2632 tarit‘siquidcm
839 2553 924 2617 l'aetit
924 2555 954 2615 ia
975 2552 1086 2614 dicitur

63 2637 188 2698 exiutatio
208 2637 363 2714 quaedam
380 2636 472 2698 animi
494 2638 607 2735 gaudio
626 2639 826 2702 efferuentior
844 2647 959 2701 euentu
982 2654 1085 2698 rerum

64 2719 260 2792 expensarum.
306 2722 406 2798 Quant
394 2721 549 2783 toillud
525 2722 675 2785 sincerius
688 2730 719 2785 et
730 2723 871 2785 humanis
884 2722 982 2799 magis
994 2719 1085 2781 ratio
1096 2734 1113 2788 4

64 2798 134 2865 nibus
156 2823 365 2868 conueniens
397 2796 607 2880 κᾶνὸτι(
594 2797 683 2887 (ἂν)
671 2801 1085 2908 )βουληθείημέρος

64 2873 183 2969 ἡτύχη
205 2890 281 2952 τοῦ
303 2884 489 2969 σώματος
497 2889 784 3010 παρελέσθαι,
805 2891 928 2954 τοῦτο
947 2883 1085 2973 προϊέ-

65 2985 179 3043 μενον.
215 2973 344 3050 Quibus
357 2973 809 3052 uerbis,inquit,osend1ur
820 2977 994 3055 Phrlrppus
1005 2993 1111 3096 σομε

65 3055 248 3121 uSenorius
257 3058 420 3137 ,corporis
434 3060 710 3123 dehonestamento
724 3063 784 3122 laet
771 3067 822 3123 tus
831 3063 937 3139 ,quod
950 3065 1016 3122 est'
1019 3059 1083 3134 ,in-

66 3137 128 3214 quit,
150 3142 306 3205 ‘insolens
319 3143 563 3219 etinmodicum‚
586 3152 635 3206 set
652 3162 728 3222 prae
746 3145 849 3208 studio
869 3145 969 3208 laudis
988 3145 1083 3204 etho

65 3223 149 3299 noris,
166 3227 351 3290 iacturarum
362 3229 631 3306 dampnorumquc
644 3230 784 3307 corporis
798 3235 1009 3305 contemptor,
1031 3224 1084 3302 qui

65 3302 185 3382 singulos
205 3321 289 3376 artus
308 3331 384 3376 suos
402 3315 544 3375 fortunae
558 3313 774 3391 prodigendos
792 3315 880 3375 daret
892 3317 1025 3390 quaestu
1042 3316 1085 3371 at·

65 3402 112 3460 oue
123 3398 303 3474 compendio
321 3397 507 3474 gloriarum!
