2490 3926
122 771 312 859 illinit
334 773 466 860 ttulit
487 775 632 862 nullo
655 777 796 864 eluto
818 778 868 864 lt
889 779 1042 866 ttulit

371 892 592 980 ultltttlt
612 894 730 982 mtto
753 896 786 980 d.
1130 909 1137 924 '

128 1105 277 1194 ‘Septimus
297 1127 397 1179 octauo
418 1123 535 1196 propior
563 1125 619 1180 iam
641 1125 744 1197 ingerit
765 1109 884 1194 annus’,
913 1140 950 1181 ex
971 1143 1026 1199 quo
1050 1144 1116 1185 uos

68 1201 123 1272 adii,
136 1205 201 1263 uiri
216 1207 342 1264 illustr
351 1208 484 1280 issimi,
496 1214 526 1266 ut
538 1208 775 1282 amplissimarum
786 1209 1017 1267 bibliothecarum
1030 1227 1116 1269 curae

67 1295 156 1347 uestrae
176 1291 350 1350 subditarum
372 1293 470 1368 copias
491 1293 561 1351 mihi
583 1293 782 1363 recluderetis,
806 1294 934 1352 modeste
954 1303 1116 1369 rogaturus.

67 1373 121 1430 Vos
141 1375 348 1435 adulescentem
371 1380 451 1437 uobis
466 1379 593 1452 ignotum
608 1381 730 1452 benigne
747 1380 915 1452 excepistis,
938 1380 1032 1438 studia
1053 1398 1117 1438 mea

68 1460 148 1529 quouis
166 1462 249 1520 modo
266 1462 432 1534 adiuuistis,
454 1466 583 1522 comitate
605 1469 632 1521 et
646 1463 796 1524 ‚beneficiis
814 1465 852 1520 ita
872 1479 917 1520 me
938 1465 1115 1536 deuinxistis,

68 1549 89 1598 ut
108 1551 131 1601 et
148 1548 232 1606 laetos
249 1548 317 1606 inde
332 1549 428 1606 ltaliaa
448 1565 565 1623 campos
581 1565 739 1623 peragrans
756 1555 785 1606 et
800 1551 829 1626 in
845 1551 964 1624 patriam
980 1567 1115 1609 reuersus

67 1643 155 1700 sorum,
186 1650 258 1706 quos
285 1634 390 1691 Leidae
421 1640 449 1692 et
475 1635 599 1691 Lutetiae
631 1635 713 1710 degi,
746 1636 886 1693 mensium
912 1637 1114 1695 suauissimam

67 1716 267 1776 recordationem
292 1720 429 1778 memoria
458 1735 570 1794 semper
600 1719 793 1777 custodierim.
836 1720 926 1778 Huius
958 1722 1115 1777 memoriae

67 1806 88 1854 ut
93 1789 290 1862 'documentum
310 1804 426 1878 aliquod
448 1806 556 1863 uobis
579 1804 682 1862 offerre
697 1807 808 1875 ilceret,
839 1805 914 1863 diu
907 1822 936 1862 ιιι
953 1806 1027 1863 uotis
1046 1811 1116 1862 erat.

67 1883 123 1944 llihil
137 1893 242 1960 autern,
268 1890 345 1962 quod
365 1893 437 1964 grati
455 1891 541 1948 animi
565 1890 733 1948 testificandi
756 1906 845 1948 causa
861 1892 968 1947 nomini
991 1896 1115 1947 uestro

67 1968 183 2045 dicarem,
215 1975 311 2049 magis
342 1981 438 2049 aptum
468 1976 536 2034 mihi
566 1975 715 2033 uidebatur
747 1991 796 2044 ea,
833 1991 917 2047 quam
949 1975 1116 2032 iamdudum

66 2058 142 2117 nolior
174 2065 200 2118 et
231 2076 390 2135 praeparo,
425 2062 580 2119 Atticarum
613 2062 678 2118 Auli
709 2060 789 2118 Gellii
820 2059 951 2116 Noctium
991 2059 1115 2117 editione

66 2143 152 2214 critica,
184 2152 323 2221 apparatu
349 2152 377 2203 et
406 2145 544 2204 ditissimo
572 2151 599 2203 et
625 2145 778 2203 lectissimo
807 2145 953 2202 instructa.
997 2145 1070 2202 Nam
1092 2145 1116 2201 si

66 2226 116 2284 nihi
139 2233 300 2308 contigerit,
333 2237 363 2288 ut
388 2232 417 2288 in
438 2232 525 2290 Gellio
554 2230 730 2289 recensendo
764 2229 871 2303 aliquid
897 2235 1055 2303 praestem,
1087 2228 1117 2284 id

65 2316 146 2372 uobis
165 2318 344 2390 potissimum
366 2317 497 2388 debebo,¹
515 2319 562 2390 qui
584 2317 699 2375 codices
715 2316 817 2372 harum
831 2315 961 2372 Noctium
983 2316 1114 2388 optimos,

66 2395 200 2470 imperiales
220 2403 408 2477 praesertim,
430 2408 496 2460 tunc
518 2403 630 2476 regios,
645 2401 821 2470 Vossianos,
844 2399 1115 2470 Rottcndorfianum‚

65 2481 237 2545 lberalissime
255 2504 369 2545 mecum
387 2489 633 2557 communicastis,
657 2485 779 2544 solidam
801 2484 871 2542 mihi
890 2485 1036 2542 materiam
1051 2499 1116 2558 pro·

67 2576 188 2641 suranus,
209 2589 269 2646 qua
290 2573 434 2644 criticum,
456 2578 486 2630 ut
507 2575 546 2630 ita
565 2573 674 2642 dicam,
697 2569 859 2628 aediticium
882 2575 1052 2627 extruerem.

128 2656 163 2713 At
173 2656 326 2715 editionem
344 2659 422 2715 illam
433 2660 598 2731 ampliorem
611 2657 721 2734 paranti
732 2655 927 2725 Teubneri‚
947 2655 1116 2726 bibliopolae

66 2733 250 2813 honestissimi,
278 2743 399 2816 epistula
415 2745 499 2800 allata
521 2748 580 2813 est,
604 2759 675 2815 qua,
699 2741 819 2798 Gellium
836 2740 1023 2797 bibliothecae
1047 2753 1116 2795 suae

66 2823 208 2896 scriptorum
228 2829 402 2886 Graecorum
424 2833 451 2884 et
469 2827 661 2885 Romanorum
681 2825 844 2895 additurus,
865 2825 926 2882 cius
948 2821 1116 2882 recensendi

66 2912 186 2980 negotium
207 2912 278 2971 mihi
296 2914 403 2970 obtulit.
449 2912 540 2983 Quam
556 2913 732 2986 prouinciam
749 2910 906 2967 detractare
928 2911 1015 2967 nolui.
1058 2909 1116 2965 larn

67 2989 130 3064 igitur
157 2999 253 3072 prodit
282 2999 388 3057 Gellius
419 2998 457 3055 ad
484 2997 600 3056 codices
622 2996 882 3071 praestantissimos
904 2996 1039 3069 religiose
1068 3009 1117 3050 ex·

68 3091 148 3140 corsos
164 3085 335 3142 instauratus
346 3115 388 3125 —
401 3085 583 3142 instauratum
604 3083 679 3139 enim
695 3082 791 3139 dicere
810 3083 889 3150 licet,
911 3097 976 3138 curn
995 3080 1116 3153 primum

70 3159 96 3216 d
70 3169 273 3239 optimarum
293 3172 521 3227 membranarum
541 3168 628 3225 iidem
654 3172 815 3225 constanter
838 3171 978 3224 seruatam
999 3178 1116 3235 expres-

68 3261 103 3303 sus
120 3253 161 3309 sit.
198 3251 388 3324 Quamobrem
402 3271 439 3312 ne
452 3256 525 3312 haec
541 3253 654 3327 quidem
673 3253 845 3310 editiuncula
859 3267 978 3349 prorsus
998 3247 1116 3322 indigna

69 3331 115 3388 lisa
127 3343 179 3407 est,
194 3339 241 3396 cui
257 3340 553 3413 splendidissimorum
567 3344 775 3396 uestrorum
796 3338 941 3394 nominum
956 3323 1115 3414 πρόσωπον

69 3413 184 3497 crupta
205 3424 362 3499 affigerem.

132 3507 222 3567 lilultis
251 3511 313 3569 aliis
341 3511 377 3568 de
403 3513 498 3570 causis
532 3511 713 3568 excusatione
742 3525 805 3565 carn
840 3523 940 3580 egere,
973 3521 1019 3560 me
1051 3505 1113 3575 ipso

71 3588 149 3650 melius
169 3595 241 3651 scire
261 3602 355 3669 potest
375 3613 469 3654 nemo
504 3595 576 3655 Nam
598 3594 757 3652 emendatio
779 3593 946 3703 aliquotiens*
969 3588 1103 3644 derelicta

907 3689 923 3728 a
