2490 3926
156 206 198 269 32
478 210 588 268 INDEX
616 208 883 266 CAPITVLORVM.

156 387 311 438 matronam
338 387 365 435 et
385 384 502 436 matrem
533 380 651 436 familias
676 378 845 434 existimauit
868 374 1026 432 differentia
1049 377 1133 448 longe
1156 393 1206 431 ua-

154 481 282 521 nissrma.

238 549 299 604 VII.
331 547 420 617 Quem
438 549 466 603 in
487 547 601 604 modum
624 547 782 604 Fauorinus
799 545 961 600 tractaueril
978 545 1206 615 intempestiuum

154 632 295 705 quendam
308 633 343 687 de
355 633 505 688 uerborum
517 631 742 704 ambiguitatibus
755 635 952 702 quaerentem·
976 634 1058 700 atquc
1073 628 1110 684 ibi
1118 636 1207 699 ‚quot

155 717 375 789 significationes
389 717 482 787 capiat
495 717 597 771 contio.

237 815 309 870 Vlli.
332 804 549 888 Ὁμοιοτέλευτα
564 821 591 870 et
609 802 884 888 &nemorosumque
898 814 953 868 alia
965 812 994 867 id
1006 826 1112 884 genus,
1132 827 1206 882 quae

153 905 317 955 ornamenta
329 900 465 955 orationis
476 905 622 971 putantur,
643 901 737 971 inepta
749 915 813 955 esse
831 904 858 953 ct
874 899 1008 970 puerilia,
1031 895 1119 952 Lucili
1136 911 1200 966 quo

152 999 207 1056 que
220 985 349 1039 uersibus
363 983 511 1039 declarari.

236 1081 321 1138 Vllll.
352 1082 426 1151 Quid
439 1083 578 1156 significet
592 1084 668 1155 apud
684 1084 722 1138 M.
742 1083 875 1140 Catonem
894 1084 1010 1138 uerbum
1031 1082 1204 1151 insecenda3

152 1168 284 1238 quodque
303 1166 460 1224 insecenda
483 1169 576 1238 polius
599 1167 751 1240 legendum
780 1169 816 1224 sit
848 1183 946 1239 quam,
978 1166 1054 1238 quod
1076 1168 1205 1239 plerique

151 1252 330 1320 existimant,
349 1253 534 1324 insequenda.

235 1354 269 1411 Χ.
298 1355 399 1411 Errare
419 1357 504 1424 istm,
537 1357 583 1428 qui
606 1357 634 1411 in
656 1352 831 1427 exploranda
854 1352 923 1409 febri
946 1368 1082 1408 uenarum
1103 1354 1205 1425 pulsus

150 1442 332 1512 pertemptari
344 1446 456 1512 putant,
476 1457 533 1495 non
546 1432 720 1496 arteriarum.

235 1538 283 1592 XI.
310 1539 406 1596 Verba
427 1556 462 1594 ex
486 1541 656 1596 carminibus
673 1539 738 1594 Furi
764 1537 884 1592 Antiatis
908 1537 1007 1592 inscite
1031 1534 1204 1594 aCaescllio

151 1623 273 1680 Vindice
290 1623 482 1696 reprehensa;
513 1640 670 1696 uersasque
689 1624 759 1695 ipsi,
784 1623 813 1677 in
837 1621 937 1692 quibus
959 1636 993 1676 ea
1018 1622 1107 1678 uerba
1130 1628 1203 1690 sunt,

153 1708 313 1778 subscripti.

237 1790 297 1846 Xll.
326 1793 435 1846 llllorem
455 1792 539 1848 istum
555 1794 697 1848 ueteribus
721 1792 824 1848 nostris
842 1792 945 1850 fuisse.
969 1791 1056 1846 uerba
1075 1792 1203 1862 patiendi

154 1880 261 1931 mutare
274 1892 309 1931 ac
321 1882 429 1930 uertere
441 1877 470 1932 in
481 1877 584 1950 agendi
595 1878 720 1934 modum.

237 1976 309 2032 XIII.
334 1978 415 2046 Quali
427 1979 529 2034 talione
540 1977 682 2051 Diogenes
693 1977 879 2050 philosophus
892 1993 960 2033 usus
972 1976 1007 2032 sit
1013 1983 1204 2048 Uperternpta

153 2066 198 2116 tus
210 2077 227 2116 a
240 2060 386 2119 dialectico
399 2063 522 2133 quodam
535 2063 718 2135 sophismatia
728 2060 884 2134 inpudenti.

237 2145 321 2200 XIIII.
345 2146 419 2214 Quid
441 2147 477 2202 sit
495 2164 627 2203 numerus
645 2147 808 2214 hemiolios,
829 2145 897 2219 quid
915 2145 1056 2217 epitritos3
1078 2151 1105 2200 et
1126 2146 1205 2218 quod

151 2229 290 2284 uocabula
307 2229 362 2285 ista
382 2246 438 2285 non
458 2232 540 2288 facile
559 2233 646 2288 nostri
665 2233 727 2288 ausi
751 2237 814 2288 sunt
837 2238 1001 2288 conuertere
1024 2230 1053 2285 in
1075 2231 1203 2302 linguam

151 2313 285 2368 Latinam.

233 2397 296 2452 XV.
328 2397 410 2466 Quod
432 2399 470 2454 llll.
489 2400 581 2456 Varro
605 2402 633 2457 in
654 2401 749 2456 herois
773 2401 902 2457 uersibus
925 2400 1119 2456 obseruauerit
1142 2415 1201 2455 rem

152 2481 234 2536 nimis
247 2482 348 2537 anxiae
363 2489 390 2537 el
402 2485 531 2540 curiosae
543 2486 759 2542 obseruationis.

365 2617 562 2680 CAPITVLA
589 2620 694 2682 LIBRI
727 2620 818 2682 NONI
840 2619 985 2682 DECIMI.

233 2734 255 2789 1.
285 2734 456 2806 [Responsio
480 2736 627 2792 cuiusdam
648 2738 827 2812 philosophi,
855 2737 1032 2810 interrogati,
1057 2753 1141 2808 quam
1166 2740 1202 2793 ob

149 2833 264 2874 causam
277 2820 363 2874 maris
374 2824 537 2891 tempestate
549 2824 688 2894 palluerit.

232 2902 266 2957 ll.
301 2903 343 2959 Ex
367 2905 489 2976 quinque
514 2908 641 2979 corporis
665 2910 796 2966 sensibus
825 2907 897 2964 duos
925 2923 989 2963 esse
1017 2921 1082 2962 cum
1108 2907 1201 2962 beluis

148 3001 270 3042 maxime
284 3003 457 3045 communes.

231 3071 277 3127 111.
321 3070 403 3140 Quod
431 3074 540 3146 turpius
569 3081 626 3143 est,
661 3076 763 3149 frigide
797 3075 908 3132 laudari
947 3091 1031 3147 quam
1066 3077 1200 3132 acerbius

148 3153 311 3226 uituperari.

231 3239 289 3296 ΠΗ.
326 3240 512 3309 Quamobrem
540 3249 638 3299 uenter
665 3246 811 3317 repentino
839 3247 938 3302 timore
967 3243 1078 3315 effluat,
1108 3261 1198 3318 quare

148 3322 231 3378 etiam
242 3325 317 3400 ignis
327 3327 437 3382 urinam
449 3327 581 3383 lacessat.

145 3435 147 3440 ·
231 3408 268 3464 V.
300 3409 343 3464 Ex
362 3409 521 3466 Aristotelis
543 3413 621 3469 libris
646 3420 802 3486 sumptum,
829 3413 906 3487 quod
927 3415 1001 3472 niuis
1023 3431 1098 3488 aqua
1116 3415 1198 3487 potui

147 3492 273 3562 pessima
285 3493 337 3561 sit;
357 3497 384 3548 et
395 3493 471 3566 quod
482 3510 519 3550 cx
530 3497 595 3552 niue
608 3500 758 3572 crystallus
768 3506 943 3556 concreatur.
