2456 3918
469 244 491 302 I.
522 260 574 304 xv.
997 237 1041 302 59

35 407 193 468 seientia?
216 408 396 487 Cumprimis
409 417 510 472 autem
521 411 563 472 M.
577 412 668 471 Cato
686 406 900 470 atrocissimus
911 409 1043 470 huiusce
1056 415 1074 471 8

34 492 313 554 nitiiinseotatorest.
357 495 494 569 Namque
512 495 549 554 in
577 493 778 566 oratione,
803 509 882 567 quae
893 491 1072 568 inseripta9

33 577 114 637 estsi
138 594 176 637 se
199 577 353 639 caelius
386 578 580 640 tribunum
613 577 740 654 plebis
774 577 1039 654 appellasset:

32 677 215 736 numquam,
245 661 358 738 inquit,
380 669 504 736 tacet,
540 679 649 738 quem
670 661 827 722 morbus
848 666 956 720 tenet
980 661 1040 720 lo-

32 746 164 819 quendi,
206 754 399 821 tamquam
436 755 692 808 ueternosum
732 744 892 804 bibendi
926 747 1041 819 atque

32 829 237 890 dormiendi.
293 831 400 906 Quod
439 831 476 892 si
512 847 588 891 non
632 828 913 900 conueniatis‚
960 843 1041 888 oum

32 914 214 975 conuocari
243 913 371 987 lubet,
404 914 457 975 ita
480 914 644 991 cupidus
672 911 866 976 orationis
890 911 1042 972 condu-

31 1006 86 1070 cat,
110 999 167 1074 qui
192 1001 402 1060 auscultet.
438 1001 573 1074 ltaque
596 998 761 1070 auditis,
784 1014 859 1058 non
884 996 1041 1058 auscul-

31 1082 113 1155 tatis,
131 1090 320 1159 tamquam
337 1083 695 1160 pharmacopolam.
719 1081 1041 1143 Nameiusuerba

32 1167 224 1242 audiuntur,
250 1185 382 1229 uerum
404 1183 570 1229 semema
591 1165 798 1229 committit
815 1165 900 1240 [ei]‚
924 1165 955 1228 si
979 1181 1041 1225 ae-

32 1267 77 1324 ger
107 1259 167 1313 est.
220 1252 309 1314 Idem
331 1253 420 1313 Cato
451 1252 492 1313 in
516 1253 646 1312 eadem
672 1250 855 1313 oratione
877 1248 978 1310 eidem
999 1249 1085 1308 ltro

33 1336 106 1398 laelio
135 1338 258 1398 tribuno
289 1337 373 1413 plebi
398 1335 547 1398 uilitatem
576 1336 771 1414 obprobrans
801 1351 864 1396 non
887 1329 1038 1411 loquendi

32 1425 131 1496 lantum,
163 1439 273 1483 uerum
297 1421 388 1482 etiam
415 1421 554 1482 tacendi:
591 1423 739 1493 frusto,
771 1418 890 1494 inquit,
924 1416 1038 1495 panis

34 1506 168 1569 conduci
184 1511 339 1589 potest,
362 1508 425 1567 uel
447 1505 502 1570 uti
523 1513 659 1573 taceat
680 1506 743 1572 uel
765 1503 824 1570 uti
845 1505 981 1587 loquat
988 1517 1041 1564 ur.

32 1593 108 1689 leque
127 1613 186 1658 non
204 1593 315 1658 merito
341 1595 529 1659 Homerus
551 1616 647 1660 unum
659 1615 698 1660 ex
710 1595 852 1658 omnibus
865 1590 1037 1657 Thersitam
1053 1597 1082 1655 ll

34 1668 227 1780 ‘apttpoauri’
260 1688 291 1742 et
318 1672 586 1762 dupttopvdov'
616 1683 750 1780 appellat
773 1682 933 1757 uerbaque
958 1679 1039 1740 illius

33 1765 98 1823 multa
125 1774 154 1827 et
185 1759 355 1846 ‘duoopa’
389 1767 593 1846 strepentium
623 1768 690 1830 sine
718 1766 812 1828 modo
841 1766 1039 1862 graculorum

33 1845 110 1909 sinilia
133 1868 203 1913 esse
234 1851 317 1911 dicit.
372 1852 451 1927 Quid
474 1851 555 1914 enim
583 1860 633 1914 est
667 1851 750 1912 aliud
783 1842 1011 1930 ‘e'xolp'a’
1023 1849 1037 1906 l

34 1931 202 2008 Eupolidis
234 1953 360 2012 quoque
387 1954 499 2000 uersus
525 1939 564 2000 de
585 1938 616 1998 id
639 1953 738 2014 genus
764 1933 939 1997 hominibus
963 1947 1036 1993 oon·
1049 1937 1083 1990 lt

32 2013 62 2072 si
50 2019 202 2090 latissime
215 2023 278 2081 laet
267 2028 317 2081 tus
330 2028 393 2084 est:

60 2115 239 2182 Aalstv''
216 2135 402 2202 αριστος,
431 2113 755 2193 ἀδυνατώτατος
775 2115 935 2198 λέγειν,

34 2219 91 2288 quod
115 2219 333 2284 Sallustius
360 2229 469 2284 noster
497 2223 607 2284 imitari
632 2223 742 2284 uolens
771 2216 934 2280 adscribit:
973 2217 1036 2277 lo·
1048 2221 1082 2274 13

34 2315 121 2377 lton,
140 2305 256 2384 inquit,
280 2307 421 2384 magis,
453 2310 602 2384 quaml
589 2305 795 2367 l.aoundus
841 2304 1084 2378 Quapropterll

34 2383 216 2466 Hesiodus,
241 2399 405 2469 poetarum
427 2391 706 2468 prudentissimus,
729 2390 864 2464 linguam
888 2403 950 2446 non
972 2385 1038 2445 uul-

34 2472 142 2549 landam,
164 2478 222 2538 sed
238 2477 470 2538 recondendam
482 2493 554 2538 esse
566 2475 639 2536 dicit
650 2473 781 2552 proinde
801 2477 835 2532 ut
846 2471 1038 2540 thesaurum

34 2551 128 2632 eiusne
139 2578 251 2624 essem
264 2562 438 2658 promendo
450 2561 580 2638 gratiam
597 2558 773 2636 plurimam,
797 2573 823 2616 sn
816 2554 982 2616 'modesta
1009 2559 1041 2611 et

34 2651 59 2708 lt
60 2655 99 2701 aa
60 2649 135 2703 et
143 2645 354 2708 modulata
314 2653 367 2706 snt:

63 2738 234 2826 Γλώσσης
251 2765 315 2807 τοι
334 2737 593 2826 θησαυρός’
576 2765 619 2804 εν
641 2733 927 2821 ἀνθρώποισιν
950 2725 1040 2806 ἄρι-

769 2837 863 2896 στος

64 2910 277 2996 bradeleia,
312 2913 486 2993 πλείστη
523 2905 570 2974 δὲ
602 2905 719 2993 χάρις
752 2927 855 3052 ’‘3⁰‘er
885 2898 1040 2985 percon

782 3010 828 3052 ου
862 3010 915 3069 ης.

41 3089 283 3164 Epicharmium
307 3115 433 3176 quoque
458 3096 534 3157 illud
556 3111 618 3156 non
641 3093 751 3154 inscite
777 3107 813 3151 se
839 3091 951 3150 habet:
1049 3101 1081 3157 15

66 3182 112 3252 Οὐ
141 3193 280 3277 λέγειν
312 3188 406 3278 τύγ’
440 3190 535 3258 ἐσσὶ
557 3188 720 3271 δεινός,
747 3179 850 3252 ἀλλὰ
872 3188 998 3266 σιγᾶν

767 3264 986 3343 ἀδύνατος,

38 3367 123 3432 ltque
138 3365 194 3426 hoe
212 3369 355 3443 prolecto
337 3373 479 3442 osumpt
480 3382 531 3426 um
554 3371 618 3424 est:

414 3449 532 3525 ‚Qui
554 3445 634 3508 cum
656 3442 764 3519 loqui
786 3457 860 3502 non
881 3435 1033 3515 posset,
1048 3445 1081 3500 16

66 3522 184 3595 Tacere
210 3554 285 3598 nnon
308 3534 448 3612 potnit.
