2456 3918
477 243 499 301 Ι.
515 259 600 303 xxv1.
1023 241 1066 307 73

39 410 151 473 uideor?
170 425 208 470 ex
219 413 348 472 uultune
359 426 445 483 meo,
465 427 503 470 an
517 427 556 471 ex
568 427 663 484 uoce,
681 427 720 472 an
733 428 772 472 ex
787 413 908 486 colore,
921 428 960 472 an
973 411 1064 474 etiam

38 514 69 555 ex
78 494 174 555 uerbis
186 502 364 570 correptum
376 509 448 556 esse
459 511 509 555 me
521 495 567 554 ira
584 494 758 572 intellegis?
780 495 852 556 mihi
870 496 995 572 quidem
1013 513 1064 557 ne-

36 597 87 656 que
99 578 187 652 oculi,
202 578 326 653 opinor,
345 586 450 639 truces
470 583 543 639 sunt
560 596 663 656 neque
683 597 720 641 os
737 581 894 641 turbidum
906 597 1009 656 neque
1019 581 1063 640 in-

35 665 149 724 maniter
166 665 264 724 clamo
283 679 386 739 neque
403 661 434 722 in
452 679 595 738 spumam
611 663 798 726 ruboremue
818 664 994 726 efferuesco
1012 681 1064 726 ne·

34 767 86 826 que
98 748 239 824 pudenda
257 746 326 808 dico
346 754 399 808 aut
413 747 600 822 paenitenda
617 765 719 825 neque
737 747 869 810 omnino'
881 747 1003 823 trepido
1020 747 1066 808 ira

33 843 58 896 et
72 833 177 910 gestio.
212 833 297 892 Haec
309 831 389 891 enim
407 831 524 905 omnia,
549 831 577 893 si
597 832 737 908 ignoras,
758 833 848 910 signa
865 849 937 894 esse
950 832 1065 894 irarum
1083 845 1102 900 9

32 921 145 980 solent’.
166 918 204 978 Et
216 915 306 977 simul
318 917 358 976 ad
370 933 450 989 eum,
465 917 519 992 qui
530 917 689 991 caedebat,
702 935 892 980 conuersus:
906 916 1063 990 ‘interim’,

30 1003 127 1080 inquit,
140 1007 149 1036 ‘
160 1003 232 1062 dum
245 1017 304 1077 ego
318 1006 412 1077 atque
423 1000 473 1062 hic
486 1001 696 1077 disputamus,
716 1009 749 1064 tu
760 1003 822 1064 hoo
833 1006 932 1077 age”.

75 1088 197 1148 Summa
208 1092 311 1146 autem
322 1085 418 1146 totius
431 1085 720 1149 sententiaeTauri
731 1087 808 1147 haec
820 1086 890 1148 suit:
902 1088 970 1148 Non
982 1085 1065 1148 idem
1074 1098 1111 1151 10

32 1191 93 1234 esse
105 1169 289 1233 existimauit
300 1161 484 1251 ἆοργησίαν
496 1177 527 1231 et
540 1161 748 1250 ἀναλγησίαν
759 1170 906 1247 aliudque
918 1187 990 1232 esse
1001 1188 1064 1232 non

31 1258 198 1318 iracundum
210 1254 360 1329 animum,
373 1255 456 1315 aliud
473 1259 483 1290 ³
492 1245 699 1334 ἀνάλγητον
714 1262 746 1316 et
758 1245 1013 1336 (ἀναίσθητον,
1034 1255 1066 1314 id

30 1351 70 1404 est
79 1343 218 1402 hebetem
230 1345 261 1400 et
272 1346 458 1415 stupentem.
481 1341 557 1400 Nam
572 1339 653 1401 sicut
665 1340 795 1402 aliorum
809 1339 961 1414 omnium,
985 1357 1065 1417 quos

29 1427 116 1487 Latini
125 1423 304 1502 philosophi
316 1423 483 1485 ‘affectus'
496 1427 547 1485 uel
559 1425 792 1499 ‘affectiones',
811 1425 921 1486 Graeci
933 1430 942 1460 ‘
952 1418 1065 1503 πάθη

30 1514 187 1589 appellant,
210 1508 253 1569 ita
264 1509 355 1570 huius
371 1525 496 1585 quoque
507 1516 610 1570 motus
623 1509 729 1583 animi,
753 1509 820 1586 qui,
845 1526 915 1570 cum
928 1515 976 1571 est
992 1507 1066 1571 ulci-

30 1597 125 1657 scendi
137 1610 233 1656 eausa
246 1593 387 1666 saeuior,
408 1593 477 1652 ‘ira’
492 1593 617 1668 dicitur,
630 1612 693 1657 non
706 1594 912 1669 priuationem
926 1611 998 1655 esse
1009 1592 1066 1654 uti-

29 1683 78 1741 lem
90 1678 223 1752 censuit,
243 1695 337 1754 quam
350 1677 459 1738 Graeci
476 1676 667 1758 (στέρησιν
687 1679 808 1753 dicunt,
829 1679 887 1742 sed
904 1675 1066 1741 mediocri·

29 1773 124 1840 tatem,
142 1779 236 1842 quam
250 1757 486 1844 ‘psvptdva'
497 1761 540 1822 illi
552 1765 719 1839 appellant.
