2490 3926
148 179 192 246 m
468 182 578 238 rnoax
604 181 871 238 onrrrvuonvn.

229 351 315 406 VIIII.
338 350 411 420 Quid
423 349 529 405 Tullius
542 349 606 404 Tiro
618 351 646 404 in
658 351 865 406 commentariis
881 349 1025 407 scribscrit
1036 349 1073 406 de
1085 351 1191 406 suculis

150 443 176 494 et
188 435 344 508 hyadibus,
358 451 430 507 quae
444 442 508 490 sunt
521 435 664 490 stellarum
674 435 823 490 uocabula.

233 519 268 574 X.
298 519 371 588 Quid
389 520 493 574 sororis
505 512 611 592 ἔτυμον
622 535 686 574 esse
706 517 806 573 dixerit
818 519 909 574 Labeo
923 519 1060 574 Antistius
1080 525 1107 573 et
1124 518 1193 588 quid

150 606 242 662 fratris
253 605 284 659 P.
295 604 436 676 Nigidius

231 688 279 742 XI.
303 688 391 756 Quem
402 687 440 741 M.
452 687 542 742 Varro
557 693 652 758 aptum
672 687 829 757 iustumque
852 702 917 742 csse
935 702 1080 742 numerum
1097 687 1193 742 conui-

148 790 246 830 uarum
258 772 422 828 existImarit
430 786 438 840 ;
461 771 541 826 aede
554 772 659 826 mensis
673 770 805 826 secundis
820 770 894 826 etde
907 771 1031 826 bellaris.

231 855 290 911 XII.
319 855 456 912 Tribunos
478 856 568 926 plebis
590 855 770 928 prensionem
791 855 912 922 habere,
935 855 1111 910 uocationem
1134 871 1194 908 non

148 941 264 996 habere.

232 1023 303 1079 XIII.
330 1023 411 1091 Quod
433 1024 461 1079 in
484 1024 560 1080 libris
576 1023 760 1078 humanarum
782 1024 820 1078 M.
832 1021 969 1078 Varronis
987 1024 1118 1078 scribtum
1137 1029 1192 1090 est,

149 1107 257 1163 aediles
273 1115 300 1162 et
311 1115 475 1178 quaestores
487 1109 582 1180 populi
594 1107 712 1162 Romani
726 1108 754 1162 in
767 1108 810 1162 ius
829 1124 846 1162 a
861 1107 971 1177 priuato
985 1106 1021 1161 ad
1032 1113 1193 1178 praetorem

148 1193 245 1247 uocari
256 1208 354 1263 posse.

231 1275 315 1330 XIIII.
340 1275 426 1344 [Quid
439 1277 474 1330 sil
484 1276 664 1346 pomerium]

231 1359 293 1414 XV.
313 1360 408 1415 Verba
427 1376 463 1414 ex
485 1361 554 1414 libro
572 1361 725 1415 Messallae
748 1359 879 1430 auguris,
903 1360 1003 1429 quibus
1024 1358 1122 1425 docet,
1146 1359 1193 1429 qui

149 1444 203 1499 sint
214 1444 336 1498 minores
349 1445 531 1515 magistratus
544 1450 571 1497 ct
582 1444 726 1498 consulem
743 1448 959 1514 praetoremque
980 1443 1106 1514 collegas
1126 1459 1194 1498 esse

148 1533 174 1583 ct
186 1526 326 1598 quaedam
341 1528 396 1582 alia
411 1528 446 1582 de
463 1527 607 1598 auspiciis.

230 1610 306 1664 XVI.
334 1613 395 1683 (ug.
411 1611 465 1666 XV
476 1612 560 1678 extr.)
591 1612 659 1666 ltem
682 1614 770 1667 uerba
792 1609 920 1666 eiusdem
943 1610 1111 1678 Messallae,
1135 1611 1194 1666 dis·

148 1695 284 1763 serentis,
298 1695 374 1750 aliud
387 1713 451 1750 esse
464 1696 500 1751 ad
511 1697 645 1767 populum
657 1697 749 1766 loqui,
770 1694 846 1750 aliud
859 1711 921 1750 cum
931 1696 1036 1766 populo
1049 1711 1153 1766 agere,
1169 1701 1194 1749 et

148 1782 194 1851 qui
202 1781 387 1851 magistratus
401 1795 417 1833 a
429 1780 528 1851 quibus
542 1786 661 1834 auocent
673 1781 853 1834 comitiatum.

229 1862 315 1917 XVII.
337 1860 438 1938 (XVI.)
459 1864 662 1919 Humanitatem
680 1879 736 1918 non
748 1862 908 1935 significare
928 1861 972 1929 id,
997 1861 1072 1932 quod
1089 1865 1194 1934 uulgus

146 1953 239 2020 putat,
262 1947 317 2002 sed
332 1964 365 2002 eo
378 1949 531 2016 uocabulo,
552 1948 598 2018 qui
612 1949 755 2003 sinceriter
768 1948 852 2002 locuti
866 1952 944 2013 sunt,
966 1946 1057 2018 magis
1078 1948 1194 2018 proprie

147 2049 212 2086 esse
227 2048 305 2086 usos.

230 2113 327 2170 XVIII.
351 2109 466 2188 (XVII.)
501 2115 575 2181 Quid
603 2122 669 2186 aput
693 2116 731 2170 M.
759 2115 891 2174 Catonem
920 2113 1078 2186 sIgnificent
1106 2116 1195 2170 uerba

147 2198 233 2253 haec:
248 2198 318 2251 Inter
331 2214 362 2252 os
376 2203 458 2267 atque
470 2196 567 2253 offam.

230 2279 340 2334 XVIIII.
367 2276 496 2356 (XVIII.)
526 2283 681 2348 [Platonem
699 2283 819 2338 tribuere
836 2281 962 2354 Euripidi
976 2280 1110 2352 Sophocli
1130 2298 1194 2335 uer·

148 2380 224 2431 sum;
248 2371 274 2418 ct
286 2365 404 2419 inueniri
416 2381 516 2420 uersus
530 2366 623 2420 uerbis
636 2365 736 2421 iisdem
750 2373 796 2421 aut
806 2367 905 2438 paucis
918 2360 1035 2439 syllabis
1048 2365 1193 2422 inmutatis

147 2447 223 2519 apud
236 2448 364 2504 diuersos
375 2455 490 2519 poetas,
503 2450 673 2519 temporibus
687 2451 772 2506 uariis
785 2452 889 2518 natos]

229 2531 291 2585 XX.
312 2532 447 2600 (XVIIII.)
470 2532 510 2588 De
528 2549 632 2605 genere
651 2541 734 2604 atquc
751 2535 907 2590 nominibus
927 2533 1049 2589 familiae
1060 2535 1192 2588 Porciae.
1210 2591 1213 2598 .

229 2615 303 2670 XXI.
327 2613 416 2690 (XX.)
439 2616 521 2684 Quod
539 2635 555 2672 a
573 2618 754 2688 scriptoribus
773 2618 990 2690 elegantissimis
1008 2618 1098 2672 maior
1119 2619 1193 2672 ratio

145 2700 240 2756 habita
252 2701 287 2755 sIt
299 2703 405 2756 sonitus
419 2717 520 2755 uocum
533 2708 614 2772 atque
627 2704 776 2757 uerborum
788 2702 975 2769 iucundioris,
990 2717 1063 2771 quae
1076 2718 1094 2756 a
1105 2700 1192 2756 Grae-

146 2785 186 2839 cis
199 2768 456 2857 εὖφωνίαᾶίοἰῑιιτ,
477 2801 560 2856 quam
577 2787 693 2858 regulae
712 2785 949 2858 disprlinaeque,
971 2800 1042 2856 quae
1062 2802 1079 2840 a
1097 2801 1191 2856 gram-

145 2869 254 2924 maticis
268 2875 380 2940 reperta
397 2876 447 2925 est.

230 2951 315 3007 XXII.
337 2950 437 3028 (XXI.)
459 2955 554 3009 Verba
565 2953 618 3009 Titi
631 2953 757 3010 Castricii
768 2953 888 3010 rhetoris
902 2954 938 3010 ad
952 2953 1107 3023 discipulos
1122 2953 1193 3009 adu-

145 3037 285 3091 lescentes
299 3036 333 3092 de
349 3039 452 3092 uestitu
464 3044 546 3108 atque
559 3039 679 3094 calciatu
692 3054 747 3092 non
760 3037 874 3093 decoro.

229 3120 327 3176 XXIII.
359 3121 472 3190 (XXII.)
507 3121 772 3193 [Conprecationes‚
795 3137 867 3194 quae
890 3124 945 3177 ritu
969 3123 1097 3178 Romano
1121 3121 1194 3176 fiunt

146 3203 209 3274 diis,
223 3206 368 3276 expositae
381 3212 445 3263 sunt
457 3207 484 3260 in
495 3207 572 3261 libris
587 3208 775 3274 sacerdotum,
787 3208 858 3263 iuter
870 3223 941 3278 quas
947 3207 1029 3262 Marti
1040 3207 1192 3261 Nerienem

147 3289 283 3357 tribuunt3
306 3290 415 3362 etquid
426 3291 547 3346 Neriene
559 3307 610 3345 seu
623 3293 706 3346 Nerio
719 3306 820 3346 nomen
832 3292 982 3362 Importet.]

229 3372 337 3429 XXIIII.
363 3373 489 3442 (XXIII.)
511 3375 611 3442 [Marci
626 3373 748 3442 Catonis,
762 3377 919 3431 consularis
932 3381 959 3430 et
974 3375 1111 3442 censorii,
1127 3374 1190 3444 pul-

145 3453 285 3511 cherrima
298 3459 474 3528 exprobrabo
487 3464 584 3512 contra
594 3457 826 3529 philosophantes
839 3459 951 3515 nomme
963 3465 990 3514 et
1002 3475 1058 3514 non
1069 3459 1123 3525 re.]
