<?xml version="1.0" encoding="UTF-8"?>
<!DOCTYPE html PUBLIC "-//W3C//DTD XHTML 1.0 Transitional//EN"
    "http://www.w3.org/TR/xhtml1/DTD/xhtml1-transitional.dtd">
<html xmlns="http://www.w3.org/1999/xhtml" xml:lang="en" lang="en">
 <head>
  <title>
</title>
<meta http-equiv="Content-Type" content="text/html;charset=utf-8" />
  <meta name='ocr-system' content='tesseract 3.04.00' />
  <meta name='ocr-capabilities' content='ocr_page ocr_carea ocr_par ocr_line ocrx_word'/>
</head>
<body>
  <div class='ocr_page' id='page_1' title='image "agelliinoctivma03gellgoog_0104.png"; bbox 0 0 2456 3918; ppageno 0'>
   <div class='ocr_carea' id='block_1_1' title="bbox 452 188 1050 260">
    <p class='ocr_par' dir='ltr' id='par_1_1' title="bbox 452 188 1050 260">
     <span class='ocr_line' id='line_1_1' title="bbox 452 188 1050 260; baseline 0.008 -14"><span class='ocrx_word' id='word_1_1' title='bbox 452 188 488 246; x_wconf 91' lang='lat' dir='ltr'>ll.</span> <span class='ocrx_word' id='word_1_2' title='bbox 508 202 551 247; x_wconf 86' lang='lat' dir='ltr'>vr.</span> <span class='ocrx_word' id='word_1_3' title='bbox 564 203 620 248; x_wconf 85' lang='lat' dir='ltr'>vnn.</span> <span class='ocrx_word' id='word_1_4' title='bbox 1011 194 1050 260; x_wconf 82' lang='lat'>81</span> 
     </span>
    </p>
   </div>
   <div class='ocr_carea' id='block_1_2' title="bbox 52 351 1196 426">
    <p class='ocr_par' dir='ltr' id='par_1_2' title="bbox 52 351 1196 426">
     <span class='ocr_line' id='line_1_2' title="bbox 52 351 1196 426; baseline 0.016 -16"><span class='ocrx_word' id='word_1_5' title='bbox 52 351 127 412; x_wconf 85' lang='lat' dir='ltr'>etalio</span> <span class='ocrx_word' id='word_1_6' title='bbox 144 355 223 415; x_wconf 89' lang='lat' dir='ltr'>loco:</span> <span class='ocrx_word' id='word_1_7' title='bbox 1057 373 1093 426; x_wconf 71' lang='lat' dir='ltr'>aa</span> <span class='ocrx_word' id='word_1_8' title='bbox 1195 389 1196 394; x_wconf 44' lang='lat'>¹</span> 
     </span>
    </p>
   </div>
   <div class='ocr_carea' id='block_1_3' title="bbox 75 451 1024 614">
    <p class='ocr_par' dir='ltr' id='par_1_3' title="bbox 75 451 1024 614">
     <span class='ocr_line' id='line_1_3' title="bbox 77 451 1024 527; baseline 0.016 -17"><span class='ocrx_word' id='word_1_9' title='bbox 77 453 209 527; x_wconf 86' lang='lat' dir='ltr'>lamque</span> <span class='ocrx_word' id='word_1_10' title='bbox 229 452 325 514; x_wconf 90' lang='lat' dir='ltr'>adeo</span> <span class='ocrx_word' id='word_1_11' title='bbox 348 451 506 514; x_wconf 90' lang='lat' dir='ltr'>rutilum</span> <span class='ocrx_word' id='word_1_12' title='bbox 529 453 690 516; x_wconf 87' lang='lat' dir='ltr'>thoraca</span> <span class='ocrx_word' id='word_1_13' title='bbox 711 454 870 522; x_wconf 87' lang='lat' dir='ltr'>indutus</span> <span class='ocrx_word' id='word_1_14' title='bbox 892 462 1024 526; x_wconf 86' lang='lat' dir='ltr'>ahenis</span> 
     </span>
     <span class='ocr_line' id='line_1_4' title="bbox 75 533 449 614; baseline 0.011 -20"><span class='ocrx_word' id='word_1_15' title='bbox 75 533 244 597; x_wconf 80' lang='lat' dir='ltr'><strong>Horrebat</strong></span> <span class='ocrx_word' id='word_1_16' title='bbox 267 535 449 614; x_wconf 83' lang='lat' dir='ltr'>squamis.</span> 
     </span>
    </p>
   </div>
   <div class='ocr_carea' id='block_1_4' title="bbox 45 631 1091 723">
    <p class='ocr_par' dir='ltr' id='par_1_4' title="bbox 45 631 1091 723">
     <span class='ocr_line' id='line_1_5' title="bbox 45 631 1091 723; baseline 0.011 -32"><span class='ocrx_word' id='word_1_17' title='bbox 45 631 157 694; x_wconf 82' lang='lat' dir='ltr'>Accius</span> <span class='ocrx_word' id='word_1_18' title='bbox 173 633 213 696; x_wconf 91' lang='lat' dir='ltr'>in</span> <span class='ocrx_word' id='word_1_19' title='bbox 234 633 432 712; x_wconf 86' lang='lat' dir='ltr'>Pelopidis</span> <span class='ocrx_word' id='word_1_20' title='bbox 454 634 497 696; x_wconf 88' lang='lat' dir='ltr'>ita</span> <span class='ocrx_word' id='word_1_21' title='bbox 520 636 641 698; x_wconf 81' lang='lat' dir='ltr'><strong>scribit:</strong></span> <span class='ocrx_word' id='word_1_22' title='bbox 1055 667 1091 723; x_wconf 73' lang='lat'>23</span> 
     </span>
    </p>
   </div>
   <div class='ocr_carea' id='block_1_5' title="bbox 70 732 1047 964">
    <p class='ocr_par' dir='ltr' id='par_1_5' title="bbox 70 732 1047 964">
     <span class='ocr_line' id='line_1_6' title="bbox 75 732 1047 836; baseline 0.015 -46"><span class='ocrx_word' id='word_1_23' title='bbox 75 777 80 790; x_wconf 94' lang='lat'>.</span> <span class='ocrx_word' id='word_1_24' title='bbox 116 777 122 791; x_wconf 92' lang='lat'>.</span> <span class='ocrx_word' id='word_1_25' title='bbox 161 777 168 792; x_wconf 90' lang='lat'>.</span> <span class='ocrx_word' id='word_1_26' title='bbox 214 733 306 794; x_wconf 85' lang='lat' dir='ltr'>Eius</span> <span class='ocrx_word' id='word_1_27' title='bbox 329 732 526 811; x_wconf 75' lang='lat' dir='ltr'>serpentis</span> <span class='ocrx_word' id='word_1_28' title='bbox 552 737 931 836; x_wconf 69' lang='lat' dir='ltr'>squamosaquailido</span> <span class='ocrx_word' id='word_1_29' title='bbox 956 757 1047 806; x_wconf 87' lang='lat' dir='ltr'>auro</span> 
     </span>
     <span class='ocr_line' id='line_1_7' title="bbox 662 827 897 900; baseline 0.017 -20"><span class='ocrx_word' id='word_1_30' title='bbox 662 827 897 900; x_wconf 86' lang='lat' dir='ltr'>etpurpuro</span> 
     </span>
     <span class='ocr_line' id='line_1_8' title="bbox 70 899 262 964; baseline 0.005 -4"><span class='ocrx_word' id='word_1_31' title='bbox 70 899 262 964; x_wconf 82' lang='lat' dir='ltr'>Perte&#39;xtae.</span> 
     </span>
    </p>
   </div>
   <div class='ocr_carea' id='block_1_6' title="bbox 38 1019 1090 1604">
    <p class='ocr_par' dir='ltr' id='par_1_6' title="bbox 38 1019 1090 1604">
     <span class='ocr_line' id='line_1_9' title="bbox 42 1019 1090 1102; baseline 0.01 -22"><span class='ocrx_word' id='word_1_32' title='bbox 42 1020 160 1098; x_wconf 74' lang='lat' dir='ltr'>Quicquid</span> <span class='ocrx_word' id='word_1_33' title='bbox 174 1021 267 1098; x_wconf 81' lang='lat' dir='ltr'>igitur</span> <span class='ocrx_word' id='word_1_34' title='bbox 281 1019 371 1082; x_wconf 75' lang='lat' dir='ltr'>nimis</span> <span class='ocrx_word' id='word_1_35' title='bbox 387 1020 574 1083; x_wconf 86' lang='lat' dir='ltr'>inculcatum</span> <span class='ocrx_word' id='word_1_36' title='bbox 591 1021 790 1100; x_wconf 88' lang='lat' dir='ltr'>opsitumque</span> <span class='ocrx_word' id='word_1_37' title='bbox 806 1024 910 1102; x_wconf 87' lang='lat' dir='ltr'>aliqua</span> <span class='ocrx_word' id='word_1_38' title='bbox 926 1044 961 1090; x_wconf 88' lang='lat' dir='ltr'>re</span> <span class='ocrx_word' id='word_1_39' title='bbox 972 1034 1090 1099; x_wconf 59' lang='lat' dir='ltr'>cratae</span> 
     </span>
     <span class='ocr_line' id='line_1_10' title="bbox 40 1103 1045 1187; baseline 0.012 -24"><span class='ocrx_word' id='word_1_40' title='bbox 40 1113 63 1164; x_wconf 89' lang='lat' dir='ltr'>ut</span> <span class='ocrx_word' id='word_1_41' title='bbox 74 1105 206 1168; x_wconf 81' lang='lat' dir='ltr'>incuteret</span> <span class='ocrx_word' id='word_1_42' title='bbox 221 1104 398 1168; x_wconf 88' lang='lat' dir='ltr'>uisentibus</span> <span class='ocrx_word' id='word_1_43' title='bbox 416 1103 495 1166; x_wconf 86' lang='lat' dir='ltr'>lacie</span> <span class='ocrx_word' id='word_1_44' title='bbox 512 1123 596 1168; x_wconf 89' lang='lat' dir='ltr'>noua</span> <span class='ocrx_word' id='word_1_45' title='bbox 612 1108 791 1181; x_wconf 86' lang='lat' dir='ltr'>horrorem,</span> <span class='ocrx_word' id='word_1_46' title='bbox 812 1108 846 1170; x_wconf 91' lang='lat' dir='ltr'>id</span> <span class='ocrx_word' id='word_1_47' title='bbox 866 1113 1045 1187; x_wconf 70' lang='lat' dir='ltr'>‘squalere’</span> 
     </span>
     <span class='ocr_line' id='line_1_11' title="bbox 41 1187 1088 1271; baseline 0.01 -25"><span class='ocrx_word' id='word_1_48' title='bbox 41 1187 173 1252; x_wconf 78' lang='lat' dir='ltr'>dicebatur.</span> <span class='ocrx_word' id='word_1_49' title='bbox 218 1190 273 1253; x_wconf 89' lang='lat' dir='ltr'>Sic</span> <span class='ocrx_word' id='word_1_50' title='bbox 299 1191 331 1251; x_wconf 92' lang='lat' dir='ltr'>in</span> <span class='ocrx_word' id='word_1_51' title='bbox 361 1189 545 1266; x_wconf 89' lang='lat' dir='ltr'>corporibus</span> <span class='ocrx_word' id='word_1_52' title='bbox 572 1189 695 1253; x_wconf 87' lang='lat' dir='ltr'>incultis</span> <span class='ocrx_word' id='word_1_53' title='bbox 719 1191 961 1271; x_wconf 81' lang='lat' dir='ltr'>squamosisque</span> <span class='ocrx_word' id='word_1_54' title='bbox 987 1197 1088 1257; x_wconf 74' lang='lat' dir='ltr'>altalo</span> 
     </span>
     <span class='ocr_line' id='line_1_12' title="bbox 39 1272 1047 1356; baseline 0.011 -25"><span class='ocrx_word' id='word_1_55' title='bbox 39 1272 169 1348; x_wconf 78' lang='lat' dir='ltr'>congeries</span> <span class='ocrx_word' id='word_1_56' title='bbox 180 1274 324 1338; x_wconf 89' lang='lat' dir='ltr'>sordium</span> <span class='ocrx_word' id='word_1_57' title='bbox 337 1274 505 1350; x_wconf 73' lang='lat' dir='ltr'>‘squalor’</span> <span class='ocrx_word' id='word_1_58' title='bbox 517 1276 740 1352; x_wconf 82' lang='lat' dir='ltr'>appellabatur.</span> <span class='ocrx_word' id='word_1_59' title='bbox 786 1275 878 1338; x_wconf 80' lang='lat' dir='ltr'>cuius</span> <span class='ocrx_word' id='word_1_60' title='bbox 896 1278 1047 1356; x_wconf 83' lang='lat' dir='ltr'>significa·</span> 
     </span>
     <span class='ocr_line' id='line_1_13' title="bbox 38 1355 1047 1435; baseline 0.012 -21"><span class='ocrx_word' id='word_1_61' title='bbox 38 1355 104 1418; x_wconf 87' lang='lat' dir='ltr'>tionis</span> <span class='ocrx_word' id='word_1_62' title='bbox 118 1361 207 1422; x_wconf 87' lang='lat' dir='ltr'>multo</span> <span class='ocrx_word' id='word_1_63' title='bbox 224 1359 420 1435; x_wconf 88' lang='lat' dir='ltr'>assiduoque</span> <span class='ocrx_word' id='word_1_64' title='bbox 435 1375 496 1420; x_wconf 90' lang='lat' dir='ltr'>usu</span> <span class='ocrx_word' id='word_1_65' title='bbox 515 1365 614 1421; x_wconf 90' lang='lat' dir='ltr'>toturn</span> <span class='ocrx_word' id='word_1_66' title='bbox 624 1359 656 1420; x_wconf 92' lang='lat' dir='ltr'>id</span> <span class='ocrx_word' id='word_1_67' title='bbox 667 1359 797 1422; x_wconf 89' lang='lat' dir='ltr'>uerbum</span> <span class='ocrx_word' id='word_1_68' title='bbox 807 1359 849 1422; x_wconf 88' lang='lat' dir='ltr'>ita</span> <span class='ocrx_word' id='word_1_69' title='bbox 860 1363 1047 1426; x_wconf 84' lang='lat' dir='ltr'>contamina·</span> 
     </span>
     <span class='ocr_line' id='line_1_14' title="bbox 38 1443 1045 1522; baseline 0.009 -22"><span class='ocrx_word' id='word_1_70' title='bbox 38 1445 81 1500; x_wconf 87' lang='lat' dir='ltr'>tun</span> <span class='ocrx_word' id='word_1_71' title='bbox 95 1449 147 1517; x_wconf 89' lang='lat' dir='ltr'>cst,</span> <span class='ocrx_word' id='word_1_72' title='bbox 168 1444 277 1506; x_wconf 86' lang='lat' dir='ltr'>utiam</span> <span class='ocrx_word' id='word_1_73' title='bbox 290 1443 452 1520; x_wconf 77' lang='lat' dir='ltr'>‘squalor’</span> <span class='ocrx_word' id='word_1_74' title='bbox 466 1443 505 1503; x_wconf 88' lang='lat' dir='ltr'>de</span> <span class='ocrx_word' id='word_1_75' title='bbox 517 1459 550 1504; x_wconf 90' lang='lat' dir='ltr'>re</span> <span class='ocrx_word' id='word_1_76' title='bbox 561 1443 621 1506; x_wconf 91' lang='lat' dir='ltr'>alia</span> <span class='ocrx_word' id='word_1_77' title='bbox 631 1446 728 1518; x_wconf 88' lang='lat' dir='ltr'>nulla,</span> <span class='ocrx_word' id='word_1_78' title='bbox 753 1461 846 1522; x_wconf 89' lang='lat' dir='ltr'>quam</span> <span class='ocrx_word' id='word_1_79' title='bbox 859 1445 899 1507; x_wconf 87' lang='lat' dir='ltr'>dc</span> <span class='ocrx_word' id='word_1_80' title='bbox 910 1447 986 1511; x_wconf 75' lang='lat' dir='ltr'>sois</span> <span class='ocrx_word' id='word_1_81' title='bbox 1001 1448 1045 1509; x_wconf 92' lang='lat' dir='ltr'>in-</span> 
     </span>
     <span class='ocr_line' id='line_1_15' title="bbox 38 1525 444 1604; baseline 0.005 -18"><span class='ocrx_word' id='word_1_82' title='bbox 38 1525 207 1598; x_wconf 86' lang='lat' dir='ltr'>quinamentis</span> <span class='ocrx_word' id='word_1_83' title='bbox 220 1527 284 1591; x_wconf 90' lang='lat' dir='ltr'>dici</span> <span class='ocrx_word' id='word_1_84' title='bbox 297 1526 444 1604; x_wconf 84' lang='lat' dir='ltr'>coeperit.</span> 
     </span>
    </p>
   </div>
   <div class='ocr_carea' id='block_1_7' title="bbox 488 1680 553 1742">
    <p class='ocr_par' dir='ltr' id='par_1_7' title="bbox 488 1680 553 1742">
     <span class='ocr_line' id='line_1_16' title="bbox 488 1680 553 1742; baseline -0.031 0"><span class='ocrx_word' id='word_1_85' title='bbox 488 1680 553 1742; x_wconf 85' lang='lat' dir='ltr'>vll.</span> 
     </span>
    </p>
   </div>
   <div class='ocr_carea' id='block_1_8' title="bbox 38 1813 1046 2062">
    <p class='ocr_par' dir='ltr' id='par_1_8' title="bbox 38 1813 1046 2062">
     <span class='ocr_line' id='line_1_17' title="bbox 38 1813 1045 1894; baseline 0.009 -25"><span class='ocrx_word' id='word_1_86' title='bbox 38 1813 63 1870; x_wconf 85' lang='lat' dir='ltr'>tc</span> <span class='ocrx_word' id='word_1_87' title='bbox 77 1818 156 1878; x_wconf 89' lang='lat' dir='ltr'>officio</span> <span class='ocrx_word' id='word_1_88' title='bbox 179 1835 254 1894; x_wconf 79' lang='lat' dir='ltr'>erga</span> <span class='ocrx_word' id='word_1_89' title='bbox 272 1825 369 1892; x_wconf 85' lang='lat' dir='ltr'>patres</span> <span class='ocrx_word' id='word_1_90' title='bbox 390 1819 555 1887; x_wconf 87' lang='lat' dir='ltr'>liberorum;</span> <span class='ocrx_word' id='word_1_91' title='bbox 579 1819 670 1892; x_wconf 88' lang='lat' dir='ltr'>deque</span> <span class='ocrx_word' id='word_1_92' title='bbox 688 1837 723 1878; x_wconf 87' lang='lat' dir='ltr'>ea</span> <span class='ocrx_word' id='word_1_93' title='bbox 738 1836 769 1877; x_wconf 88' lang='lat' dir='ltr'>re</span> <span class='ocrx_word' id='word_1_94' title='bbox 792 1837 829 1878; x_wconf 86' lang='lat' dir='ltr'>ex</span> <span class='ocrx_word' id='word_1_95' title='bbox 849 1821 1045 1894; x_wconf 85' lang='lat' dir='ltr'>philosophiae</span> 
     </span>
     <span class='ocr_line' id='line_1_18' title="bbox 63 1903 1046 1979; baseline 0.007 -23"><span class='ocrx_word' id='word_1_96' title='bbox 63 1903 139 1974; x_wconf 87' lang='lat' dir='ltr'>libris,</span> <span class='ocrx_word' id='word_1_97' title='bbox 160 1907 189 1962; x_wconf 89' lang='lat' dir='ltr'>in</span> <span class='ocrx_word' id='word_1_98' title='bbox 212 1906 317 1978; x_wconf 90' lang='lat' dir='ltr'>quibus</span> <span class='ocrx_word' id='word_1_99' title='bbox 340 1903 474 1974; x_wconf 84' lang='lat' dir='ltr'>scriplum</span> <span class='ocrx_word' id='word_1_100' title='bbox 495 1905 707 1979; x_wconf 86' lang='lat' dir='ltr'>quaesitumque</span> <span class='ocrx_word' id='word_1_101' title='bbox 723 1912 781 1975; x_wconf 87' lang='lat' dir='ltr'>est,</span> <span class='ocrx_word' id='word_1_102' title='bbox 803 1921 840 1961; x_wconf 94' lang='lat' dir='ltr'>an</span> <span class='ocrx_word' id='word_1_103' title='bbox 852 1906 981 1962; x_wconf 84' lang='lat' dir='ltr'>omnibus</span> <span class='ocrx_word' id='word_1_104' title='bbox 997 1923 1046 1978; x_wconf 88' lang='lat' dir='ltr'>pa-</span> 
     </span>
     <span class='ocr_line' id='line_1_19' title="bbox 64 1987 503 2062; baseline 0.005 -22"><span class='ocrx_word' id='word_1_105' title='bbox 64 1988 101 2044; x_wconf 86' lang='lat' dir='ltr'>tris</span> <span class='ocrx_word' id='word_1_106' title='bbox 118 1991 202 2047; x_wconf 90' lang='lat' dir='ltr'>iussis</span> <span class='ocrx_word' id='word_1_107' title='bbox 224 1987 442 2062; x_wconf 84' lang='lat' dir='ltr'>obsequendum</span> <span class='ocrx_word' id='word_1_108' title='bbox 458 1988 503 2042; x_wconf 85' lang='lat' dir='ltr'>sit.</span> 
     </span>
    </p>
   </div>
   <div class='ocr_carea' id='block_1_9' title="bbox 32 2115 1077 3295">
    <p class='ocr_par' dir='ltr' id='par_1_9' title="bbox 32 2115 1077 2786">
     <span class='ocr_line' id='line_1_20' title="bbox 82 2115 1076 2196; baseline 0 -14"><span class='ocrx_word' id='word_1_109' title='bbox 82 2120 182 2192; x_wconf 79' lang='lat' dir='ltr'>Quaeri</span> <span class='ocrx_word' id='word_1_110' title='bbox 204 2119 333 2182; x_wconf 86' lang='lat' dir='ltr'>solitum</span> <span class='ocrx_word' id='word_1_111' title='bbox 360 2117 459 2181; x_wconf 89' lang='lat' dir='ltr'>estin</span> <span class='ocrx_word' id='word_1_112' title='bbox 481 2115 739 2196; x_wconf 88' lang='lat' dir='ltr'>philosophorum</span> <span class='ocrx_word' id='word_1_113' title='bbox 761 2116 1076 2195; x_wconf 87' lang='lat' dir='ltr'>disceptationibus‚1</span> 
     </span>
     <span class='ocr_line' id='line_1_21' title="bbox 34 2201 1076 2282; baseline 0.005 -22"><span class='ocrx_word' id='word_1_114' title='bbox 34 2203 285 2282; x_wconf 78' lang='lat' dir='ltr'>uscmperinqua</span> <span class='ocrx_word' id='word_1_115' title='bbox 297 2203 439 2266; x_wconf 90' lang='lat' dir='ltr'>omnibus</span> <span class='ocrx_word' id='word_1_116' title='bbox 451 2201 546 2264; x_wconf 92' lang='lat' dir='ltr'>iussis</span> <span class='ocrx_word' id='word_1_117' title='bbox 563 2201 644 2278; x_wconf 85' lang='lat' dir='ltr'>patri</span> <span class='ocrx_word' id='word_1_118' title='bbox 662 2201 834 2278; x_wconf 85' lang='lat' dir='ltr'>parendum</span> <span class='ocrx_word' id='word_1_119' title='bbox 851 2202 902 2264; x_wconf 88' lang='lat' dir='ltr'>sit.</span> <span class='ocrx_word' id='word_1_120' title='bbox 947 2204 1076 2281; x_wconf 68' lang='lat' dir='ltr'>Supera</span> 
     </span>
     <span class='ocr_line' id='line_1_22' title="bbox 34 2285 1043 2365; baseline 0.008 -23"><span class='ocrx_word' id='word_1_121' title='bbox 34 2299 58 2342; x_wconf 85' lang='lat' dir='ltr'>aa</span> <span class='ocrx_word' id='word_1_122' title='bbox 72 2304 99 2347; x_wconf 90' lang='lat' dir='ltr'>re</span> <span class='ocrx_word' id='word_1_123' title='bbox 118 2288 257 2351; x_wconf 86' lang='lat' dir='ltr'>Graeci</span> <span class='ocrx_word' id='word_1_124' title='bbox 278 2286 497 2364; x_wconf 79' lang='lat' dir='ltr'>nostrique,</span> <span class='ocrx_word' id='word_1_125' title='bbox 527 2285 650 2363; x_wconf 91' lang='lat' dir='ltr'>quide</span> <span class='ocrx_word' id='word_1_126' title='bbox 672 2285 820 2348; x_wconf 90' lang='lat' dir='ltr'>olliciis</span> <span class='ocrx_word' id='word_1_127' title='bbox 843 2287 1043 2365; x_wconf 88' lang='lat' dir='ltr'>scripserunt,</span> 
     </span>
     <span class='ocr_line' id='line_1_23' title="bbox 33 2369 1044 2450; baseline 0.008 -24"><span class='ocrx_word' id='word_1_128' title='bbox 33 2373 76 2430; x_wconf 83' lang='lat' dir='ltr'>nes</span> <span class='ocrx_word' id='word_1_129' title='bbox 85 2372 252 2435; x_wconf 88' lang='lat' dir='ltr'>sententias</span> <span class='ocrx_word' id='word_1_130' title='bbox 262 2389 344 2447; x_wconf 88' lang='lat' dir='ltr'>esse,</span> <span class='ocrx_word' id='word_1_131' title='bbox 359 2388 438 2448; x_wconf 89' lang='lat' dir='ltr'>quae</span> <span class='ocrx_word' id='word_1_132' title='bbox 450 2369 640 2448; x_wconf 81' lang='lat' dir='ltr'>spectandae</span> <span class='ocrx_word' id='word_1_133' title='bbox 653 2371 962 2450; x_wconf 82' lang='lat' dir='ltr'>considerandaeque</span> <span class='ocrx_word' id='word_1_134' title='bbox 975 2373 1044 2447; x_wconf 73' lang='lat' dir='ltr'>sint</span> 
     </span>
     <span class='ocr_line' id='line_1_24' title="bbox 32 2453 1077 2532; baseline 0.009 -22"><span class='ocrx_word' id='word_1_135' title='bbox 32 2455 193 2520; x_wconf 85' lang='lat' dir='ltr'>tradiderunt</span> <span class='ocrx_word' id='word_1_136' title='bbox 220 2472 342 2532; x_wconf 85' lang='lat' dir='ltr'>easque</span> <span class='ocrx_word' id='word_1_137' title='bbox 370 2453 570 2518; x_wconf 88' lang='lat' dir='ltr'>subtilissime</span> <span class='ocrx_word' id='word_1_138' title='bbox 590 2454 804 2517; x_wconf 85' lang='lat' dir='ltr'>diiudicarunt.</span> <span class='ocrx_word' id='word_1_139' title='bbox 847 2455 962 2518; x_wconf 86' lang='lat' dir='ltr'>Eanum</span> <span class='ocrx_word' id='word_1_140' title='bbox 986 2465 1077 2520; x_wconf 69' lang='lat' dir='ltr'>unas</span> 
     </span>
     <span class='ocr_line' id='line_1_25' title="bbox 33 2539 1077 2618; baseline 0.008 -24"><span class='ocrx_word' id='word_1_141' title='bbox 33 2545 76 2597; x_wconf 87' lang='lat' dir='ltr'>est:</span> <span class='ocrx_word' id='word_1_142' title='bbox 98 2541 211 2616; x_wconf 88' lang='lat' dir='ltr'>omnia,</span> <span class='ocrx_word' id='word_1_143' title='bbox 242 2558 323 2618; x_wconf 89' lang='lat' dir='ltr'>quae</span> <span class='ocrx_word' id='word_1_144' title='bbox 334 2548 423 2618; x_wconf 90' lang='lat' dir='ltr'>pater</span> <span class='ocrx_word' id='word_1_145' title='bbox 438 2539 584 2616; x_wconf 87' lang='lat' dir='ltr'>imperat,</span> <span class='ocrx_word' id='word_1_146' title='bbox 607 2540 779 2615; x_wconf 88' lang='lat' dir='ltr'>parendum</span> <span class='ocrx_word' id='word_1_147' title='bbox 786 2559 794 2614; x_wconf 94' lang='lat'>;</span> <span class='ocrx_word' id='word_1_148' title='bbox 818 2542 990 2604; x_wconf 81' lang='lat' dir='ltr'>altercast:</span> <span class='ocrx_word' id='word_1_149' title='bbox 1018 2541 1077 2602; x_wconf 75' lang='lat' dir='ltr'>inl</span> 
     </span>
     <span class='ocr_line' id='line_1_26' title="bbox 32 2621 1076 2704; baseline 0.006 -25"><span class='ocrx_word' id='word_1_150' title='bbox 32 2621 186 2693; x_wconf 84' lang='lat' dir='ltr'>quibusdam</span> <span class='ocrx_word' id='word_1_151' title='bbox 196 2625 390 2704; x_wconf 85' lang='lat' dir='ltr'>parandum,</span> <span class='ocrx_word' id='word_1_152' title='bbox 409 2623 595 2702; x_wconf 87' lang='lat' dir='ltr'>quibusdam</span> <span class='ocrx_word' id='word_1_153' title='bbox 606 2641 669 2686; x_wconf 91' lang='lat' dir='ltr'>non</span> <span class='ocrx_word' id='word_1_154' title='bbox 682 2624 934 2702; x_wconf 63' lang='lat' dir='ltr'>obsequendum</span> <span class='ocrx_word' id='word_1_155' title='bbox 957 2625 1076 2686; x_wconf 83' lang='lat' dir='ltr'>tertiat</span> 
     </span>
     <span class='ocr_line' id='line_1_27' title="bbox 33 2707 804 2786; baseline 0.008 -24"><span class='ocrx_word' id='word_1_156' title='bbox 33 2713 73 2766; x_wconf 87' lang='lat' dir='ltr'>ost:</span> <span class='ocrx_word' id='word_1_157' title='bbox 90 2709 157 2772; x_wconf 91' lang='lat' dir='ltr'>nihil</span> <span class='ocrx_word' id='word_1_158' title='bbox 167 2727 307 2774; x_wconf 87' lang='lat' dir='ltr'>necesse</span> <span class='ocrx_word' id='word_1_159' title='bbox 321 2725 392 2770; x_wconf 92' lang='lat' dir='ltr'>esse</span> <span class='ocrx_word' id='word_1_160' title='bbox 403 2707 483 2786; x_wconf 90' lang='lat' dir='ltr'>patri</span> <span class='ocrx_word' id='word_1_161' title='bbox 498 2707 630 2784; x_wconf 89' lang='lat' dir='ltr'>obsequi</span> <span class='ocrx_word' id='word_1_162' title='bbox 641 2714 673 2768; x_wconf 90' lang='lat' dir='ltr'>et</span> <span class='ocrx_word' id='word_1_163' title='bbox 683 2725 804 2786; x_wconf 88' lang='lat' dir='ltr'>parere.</span> 
     </span>
    </p>

    <p class='ocr_par' dir='ltr' id='par_1_10' title="bbox 32 2789 1074 3295">
     <span class='ocr_line' id='line_1_28' title="bbox 79 2789 1073 2871; baseline -0.001 -15"><span class='ocrx_word' id='word_1_164' title='bbox 79 2794 154 2858; x_wconf 88' lang='lat' dir='ltr'>Haec</span> <span class='ocrx_word' id='word_1_165' title='bbox 171 2794 334 2858; x_wconf 87' lang='lat' dir='ltr'>sententia</span> <span class='ocrx_word' id='word_1_166' title='bbox 350 2792 497 2871; x_wconf 87' lang='lat' dir='ltr'>quoniam</span> <span class='ocrx_word' id='word_1_167' title='bbox 512 2791 648 2871; x_wconf 87' lang='lat' dir='ltr'>primore</span> <span class='ocrx_word' id='word_1_168' title='bbox 664 2799 794 2869; x_wconf 87' lang='lat' dir='ltr'>aspectu</span> <span class='ocrx_word' id='word_1_169' title='bbox 813 2791 902 2854; x_wconf 90' lang='lat' dir='ltr'>nimis</span> <span class='ocrx_word' id='word_1_170' title='bbox 922 2789 1073 2855; x_wconf 77' lang='lat' dir='ltr'>inlannisfi</span> 
     </span>
     <span class='ocr_line' id='line_1_29' title="bbox 32 2876 1074 2957; baseline 0 -19"><span class='ocrx_word' id='word_1_171' title='bbox 32 2884 165 2956; x_wconf 73' lang='lat' dir='ltr'>estsuper</span> <span class='ocrx_word' id='word_1_172' title='bbox 176 2879 333 2957; x_wconf 82' lang='lat' dir='ltr'>cuprius,</span> <span class='ocrx_word' id='word_1_173' title='bbox 348 2895 428 2956; x_wconf 86' lang='lat' dir='ltr'>quae</span> <span class='ocrx_word' id='word_1_174' title='bbox 440 2877 621 2951; x_wconf 84' lang='lat' dir='ltr'>dictasunt,</span> <span class='ocrx_word' id='word_1_175' title='bbox 641 2876 790 2938; x_wconf 90' lang='lat' dir='ltr'>dicemus.</span> <span class='ocrx_word' id='word_1_176' title='bbox 838 2878 1074 2950; x_wconf 72' lang='lat' dir='ltr'>‘Autrecte’‚t</span> 
     </span>
     <span class='ocr_line' id='line_1_30' title="bbox 32 2953 1043 3042; baseline 0 -20"><span class='ocrx_word' id='word_1_177' title='bbox 32 2953 156 3039; x_wconf 85' lang='lat' dir='ltr'>inquiunt,</span> <span class='ocrx_word' id='word_1_178' title='bbox 179 2965 333 3042; x_wconf 71' lang='lat' dir='ltr'>&lt;inperat</span> <span class='ocrx_word' id='word_1_179' title='bbox 347 2969 436 3040; x_wconf 88' lang='lat' dir='ltr'>pater</span> <span class='ocrx_word' id='word_1_180' title='bbox 453 2968 507 3024; x_wconf 89' lang='lat' dir='ltr'>aut</span> <span class='ocrx_word' id='word_1_181' title='bbox 522 2977 696 3039; x_wconf 87' lang='lat' dir='ltr'>perperam.</span> <span class='ocrx_word' id='word_1_182' title='bbox 742 2960 776 3022; x_wconf 91' lang='lat' dir='ltr'>Si</span> <span class='ocrx_word' id='word_1_183' title='bbox 797 2967 882 3021; x_wconf 87' lang='lat' dir='ltr'>recte</span> <span class='ocrx_word' id='word_1_184' title='bbox 902 2958 1043 3040; x_wconf 89' lang='lat' dir='ltr'>imperat,</span> 
     </span>
     <span class='ocr_line' id='line_1_31' title="bbox 32 3044 1044 3126; baseline 0.002 -22"><span class='ocrx_word' id='word_1_185' title='bbox 32 3057 86 3120; x_wconf 85' lang='lat' dir='ltr'>non,</span> <span class='ocrx_word' id='word_1_186' title='bbox 101 3049 328 3126; x_wconf 88' lang='lat' dir='ltr'>quiairnperat,</span> <span class='ocrx_word' id='word_1_187' title='bbox 347 3047 534 3125; x_wconf 85' lang='lat' dir='ltr'>parendum,</span> <span class='ocrx_word' id='word_1_188' title='bbox 554 3046 625 3120; x_wconf 90' lang='lat' dir='ltr'>sed,</span> <span class='ocrx_word' id='word_1_189' title='bbox 645 3044 791 3122; x_wconf 88' lang='lat' dir='ltr'>quoniam</span> <span class='ocrx_word' id='word_1_190' title='bbox 802 3044 834 3106; x_wconf 94' lang='lat' dir='ltr'>id</span> <span class='ocrx_word' id='word_1_191' title='bbox 846 3044 913 3106; x_wconf 89' lang='lat' dir='ltr'>fieri</span> <span class='ocrx_word' id='word_1_192' title='bbox 924 3045 973 3108; x_wconf 91' lang='lat' dir='ltr'>ius</span> <span class='ocrx_word' id='word_1_193' title='bbox 986 3054 1044 3118; x_wconf 89' lang='lat' dir='ltr'>est,</span> 
     </span>
     <span class='ocr_line' id='line_1_32' title="bbox 32 3125 1044 3209; baseline 0.008 -28"><span class='ocrx_word' id='word_1_194' title='bbox 32 3125 253 3208; x_wconf 80' lang='lat' dir='ltr'>laciendumest3</span> <span class='ocrx_word' id='word_1_195' title='bbox 278 3131 305 3194; x_wconf 89' lang='lat' dir='ltr'>si</span> <span class='ocrx_word' id='word_1_196' title='bbox 315 3148 494 3209; x_wconf 85' lang='lat' dir='ltr'>perperam,</span> <span class='ocrx_word' id='word_1_197' title='bbox 517 3146 714 3207; x_wconf 89' lang='lat' dir='ltr'>nequaquam</span> <span class='ocrx_word' id='word_1_198' title='bbox 732 3129 1044 3202; x_wconf 87' lang='lat' dir='ltr'>scilicetlaciendum‚</span> 
     </span>
     <span class='ocr_line' id='line_1_33' title="bbox 32 3211 1073 3295; baseline 0.004 -23"><span class='ocrx_word' id='word_1_199' title='bbox 32 3215 166 3284; x_wconf 81' lang='lat' dir='ltr'>quodfieri</span> <span class='ocrx_word' id='word_1_200' title='bbox 177 3220 409 3295; x_wconf 85' lang='lat' dir='ltr'>nonoportet&#39;.</span> <span class='ocrx_word' id='word_1_201' title='bbox 451 3215 571 3280; x_wconf 87' lang='lat' dir='ltr'>Deinde</span> <span class='ocrx_word' id='word_1_202' title='bbox 582 3214 624 3275; x_wconf 88' lang='lat' dir='ltr'>ita</span> <span class='ocrx_word' id='word_1_203' title='bbox 637 3211 840 3276; x_wconf 84' lang='lat' dir='ltr'>co&#39;ncludunt:</span> <span class='ocrx_word' id='word_1_204' title='bbox 858 3220 1073 3289; x_wconf 74' lang='lat' dir='ltr'>‘numquamss</span> 
     </span>
    </p>
   </div>
   <div class='ocr_carea' id='block_1_10' title="bbox 32 3297 1085 3612">
    <p class='ocr_par' dir='ltr' id='par_1_11' title="bbox 32 3297 1085 3612">
     <span class='ocr_line' id='line_1_34' title="bbox 32 3297 1072 3378; baseline 0.01 -28"><span class='ocrx_word' id='word_1_205' title='bbox 32 3303 64 3354; x_wconf 85' lang='lat' dir='ltr'>est</span> <span class='ocrx_word' id='word_1_206' title='bbox 76 3302 146 3373; x_wconf 88' lang='lat' dir='ltr'>patri</span> <span class='ocrx_word' id='word_1_207' title='bbox 162 3303 355 3378; x_wconf 84' lang='lat' dir='ltr'>parendum,</span> <span class='ocrx_word' id='word_1_208' title='bbox 378 3317 458 3378; x_wconf 89' lang='lat' dir='ltr'>quae</span> <span class='ocrx_word' id='word_1_209' title='bbox 472 3300 632 3378; x_wconf 88' lang='lat' dir='ltr'>imperat’.</span> <span class='ocrx_word' id='word_1_210' title='bbox 677 3299 734 3360; x_wconf 89' lang='lat' dir='ltr'>Set</span> <span class='ocrx_word' id='word_1_211' title='bbox 749 3314 852 3375; x_wconf 91' lang='lat' dir='ltr'>neque</span> <span class='ocrx_word' id='word_1_212' title='bbox 868 3297 959 3358; x_wconf 88' lang='lat' dir='ltr'>istann</span> <span class='ocrx_word' id='word_1_213' title='bbox 976 3305 1072 3360; x_wconf 87' lang='lat' dir='ltr'>sen-9</span> 
     </span>
     <span class='ocr_line' id='line_1_35' title="bbox 32 3379 1044 3464; baseline 0.008 -30"><span class='ocrx_word' id='word_1_214' title='bbox 32 3381 129 3445; x_wconf 86' lang='lat' dir='ltr'>lentiam</span> <span class='ocrx_word' id='word_1_215' title='bbox 138 3386 268 3463; x_wconf 87' lang='lat' dir='ltr'>probari</span> <span class='ocrx_word' id='word_1_216' title='bbox 279 3384 471 3464; x_wconf 88' lang='lat' dir='ltr'>accepimus:</span> <span class='ocrx_word' id='word_1_217' title='bbox 484 3383 637 3462; x_wconf 82' lang='lat' dir='ltr'>argutiola</span> <span class='ocrx_word' id='word_1_218' title='bbox 649 3383 764 3461; x_wconf 90' lang='lat' dir='ltr'>quippe</span> <span class='ocrx_word' id='word_1_219' title='bbox 775 3379 959 3455; x_wconf 85' lang='lat' dir='ltr'>haec,sicuti</span> <span class='ocrx_word' id='word_1_220' title='bbox 971 3399 1044 3442; x_wconf 87' lang='lat' dir='ltr'>rnox</span> 
     </span>
     <span class='ocr_line' id='line_1_36' title="bbox 32 3465 1085 3612; baseline -0.003 -82"><span class='ocrx_word' id='word_1_221' title='bbox 32 3469 224 3612; x_wconf 52' lang='lat' dir='ltr'>lssigffinsnus,</span> <span class='ocrx_word' id='word_1_222' title='bbox 242 3470 353 3532; x_wconf 87' lang='lat' dir='ltr'>friuola</span> <span class='ocrx_word' id='word_1_223' title='bbox 375 3477 406 3531; x_wconf 92' lang='lat' dir='ltr'>et</span> <span class='ocrx_word' id='word_1_224' title='bbox 416 3468 515 3530; x_wconf 89' lang='lat' dir='ltr'>inanis</span> <span class='ocrx_word' id='word_1_225' title='bbox 534 3475 592 3530; x_wconf 90' lang='lat' dir='ltr'>est.</span> <span class='ocrx_word' id='word_1_226' title='bbox 635 3469 743 3544; x_wconf 90' lang='lat' dir='ltr'>Neque</span> <span class='ocrx_word' id='word_1_227' title='bbox 758 3465 935 3605; x_wconf 59' lang='lat' dir='ltr'>autemssilla,</span> <span class='ocrx_word' id='word_1_228' title='bbox 953 3475 1085 3541; x_wconf 85' lang='lat' dir='ltr'>quamlo</span> 
     </span>
    </p>
   </div>
   <div class='ocr_carea' id='block_1_11' title="bbox 0 0 1232 3918">
    <p class='ocr_par' dir='ltr' id='par_1_12' title="bbox 0 0 1232 3918">
     <span class='ocr_line' id='line_1_37' title="bbox 0 0 1232 3918; baseline 0 5"><span class='ocrx_word' id='word_1_229' title='bbox 0 0 1232 3918; x_wconf 95' lang='lat' dir='ltr'> </span> 
     </span>
    </p>
   </div>
  </div>
 </body>
</html>
