2456 3918
170 225 213 288 62
578 225 600 282 l.
616 238 693 282 xvu.
705 237 793 282 xvur.

174 410 246 470 quo
264 392 294 453 in
313 393 431 453 fundo
463 399 630 468 propter
653 391 811 451 insanas
829 388 922 448 illas
944 384 1209 448 substructio-

173 494 240 540 nes
260 476 376 537 laoile
394 476 498 536 mille
517 474 710 537 hominum
729 473 964 535 uersabatur
981 470 1207 540 ualentium,

175 578 237 622 non
259 561 511 635 ‘uersabanturss
538 560 623 635 quod
643 559 674 619 in
686 559 771 620 libris
783 559 884 619 minus
899 556 1051 617 accuratis
1067 554 1208 632 seriptum

176 652 234 707 est.
277 645 348 706 Alia
365 645 445 704 enim
464 644 583 705 ratione
597 644 696 704 ‘mille
708 644 895 715 hominum’,
916 639 993 715 [alia
1006 641 1112 701 ‘mille
1124 637 1208 700 homi·

177 733 269 804 nes']
289 729 454 790 dicendum
471 736 528 789 est.

648 880 744 943 XVII.

177 1006 288 1072 Quanta
306 1021 369 1059 oum
387 1004 472 1061 animi
490 1005 629 1075 aequitate
641 1004 804 1060 tolerauerit
814 1000 948 1060 Socrates
964 1001 1062 1058 uxoris
1076 1003 1211 1074 ingenium

219 1089 409 1156 intractabile;
435 1096 518 1160 atque
536 1089 617 1157 inibi,
641 1087 708 1160 quid
725 1089 762 1144 hl.
775 1089 866 1144 Varro
885 1089 913 1143 in
930 1087 1056 1158 quadam
1075 1087 1166 1142 satira
1183 1083 1210 1138 de

219 1173 312 1228 officio
334 1175 427 1228 mariti
445 1175 599 1244 scripserit.
1093 1171 1095 1175 ’

148 1334 162 1385 1
235 1323 420 1401 Xanthippe,
434 1324 609 1386 Socratis
622 1322 800 1401 philosophi
812 1339 1037 1398 uxor,m0rosa
1048 1322 1211 1383 admodum

176 1407 273 1469 tuisse
292 1410 388 1469 fertur
409 1416 440 1469 et
460 1409 611 1484 iurgiosa‚
634 1409 811 1485 irarumque
834 1416 865 1469 et
882 1407 1097 1470 molestiarum
1118 1405 1213 1466 mulie-

148 1492 276 1554 tbrium
288 1509 345 1570 per
356 1492 437 1553 diem
449 1510 568 1570 perque
580 1499 704 1556 noctem
717 1494 866 1556 scatebat.
911 1495 974 1553 Has
988 1491 1057 1552 eius
1068 1491 1101 1551 in
1107 1499 1213 1566 tempe-

175 1575 237 1638 ries
249 1577 280 1638 in
291 1577 433 1638 maritum
443 1578 622 1640 Alcibiades
640 1578 823 1652 demiratus,
847 1575 1052 1652 interrogauit
1072 1575 1212 1638 Socra-

176 1668 253 1736 ten,
279 1679 430 1738 quaenam
442 1663 520 1724 ratio
532 1670 631 1737 esset,
651 1681 707 1723 cur
719 1663 878 1723 mulierem
889 1670 952 1723 tam
965 1661 1115 1722 acerbam
1128 1662 1212 1720 domo

147 1754 164 1807 3
177 1762 239 1806 non
252 1747 399 1822 exigeret.
414 1747 599 1821 ‘Quoniam'‚
611 1747 709 1824 inquit
721 1747 861 1808 Socrat
871 1765 888 1808 e
897 1765 928 1820 S,
942 1745 1127 1806 ‘camillam
1140 1743 1214 1805 domi

175 1831 267 1890 talem
278 1831 451 1907 perpetior,
474 1832 619 1894 insuesco
633 1840 663 1892 et
675 1848 837 1906 exerceor,
855 1838 890 1892 ut
902 1838 1079 1892 ceterorum
1093 1844 1213 1906 quoque

175 1915 250 1976 loris
262 1917 461 1992 petulantiam
474 1924 504 1978 et
514 1916 655 1979 iniuriam
667 1916 784 1977 facilius
797 1919 892 1977 leram
901 1921 923 1976 ’.

147 2009 165 2060 4
242 2000 418 2062 Secundum
435 2001 514 2062 hauc
533 2001 716 2063 seutentiam
740 2019 865 2077 quoque
886 2004 1012 2062 Varro
1036 1999 1074 2060 in
1100 1997 1214 2060 satira

175 2084 394 2163 Menippea,
419 2087 576 2160 quamde
597 2085 878 2147 ollioiomariti
898 2084 1038 2161 scripsit:
1059 2082 1214 2152 uitium,

174 2166 286 2243 inquit,
309 2169 447 2230 uxoris
474 2176 540 2230 aut
568 2171 786 2232 tollendum
812 2177 874 2231 aut
908 2170 1119 2230 ferendum
1152 2173 1213 2226 est.

176 2251 243 2324 Qui
265 2253 377 2314 tollit
399 2253 551 2327 uitium,
585 2272 747 2315 uxorem
772 2253 1080 2316 commodiorem
1105 2267 1215 2329 prae-

143 2341 270 2410 ostat‚
304 2337 368 2413 qni
399 2339 491 2412 lert,
526 2355 613 2400 sese
636 2339 839 2400 meliorem
862 2338 966 2400 lacit.
1010 2339 1100 2398 Haec
1123 2335 1217 2397 uerba

176 2419 368 2483 Varronis
397 2423 541 2483 ‘tollere'
570 2431 601 2484 et
623 2426 741 2484 ‘ferre'
764 2424 866 2501 lepide
890 2422 1015 2500 quidem
1041 2419 1217 2497 composita

143 2511 259 2578 osunt,
289 2506 347 2567 sed
375 2509 520 2568 ‘tollere'
544 2514 673 2584 apparet
704 2508 818 2569 dictum
847 2525 904 2585 pro
929 2507 1143 2583 ‘corrigeret
1188 2501 1218 2562 ld

175 2588 266 2650 etiam
290 2597 430 2668 apparet,
454 2591 605 2654 eiusmodi
626 2592 733 2653 uitium
755 2593 878 2666 uxoris,
903 2592 929 2653 si
942 2591 1057 2668 corrigi
1069 2608 1135 2652 non
1150 2603 1218 2665 pos·

175 2673 229 2746 sit,
265 2675 426 2736 serendum
457 2692 529 2736 esse
557 2679 775 2738 Varronem
810 2677 987 2750 censuisse,
1023 2675 1113 2752 quod
1152 2669 1220 2733 lerri

175 2757 292 2820 scilicet
315 2776 334 2818 a
357 2759 424 2821 uiro
447 2761 578 2821 honeste
600 2767 718 2837 potest:
742 2759 817 2822 uitia
850 2760 931 2822 enim
952 2759 1079 2836 flagitiis
1100 2759 1220 2819 leuiora

177 2850 258 2902 sunt.

643 2997 751 3060 lell.

178 3114 261 3183 Quod
277 3117 315 3172 M.
327 3117 418 3173 Varro
439 3119 467 3173 in
485 3124 582 3189 quarto
601 3117 711 3172 decimo
730 3117 968 3174 humanarum
985 3116 1017 3169 L.
1028 3115 1148 3172 Aelium
1167 3134 1212 3172 ma

219 3201 336 3272 gistrum
354 3219 434 3256 suum
459 3207 486 3256 et
505 3203 532 3256 in
548 3194 774 3278 ἐτυμολογίᾳ
791 3201 864 3256 salsa
883 3198 1068 3272 reprehendit
1087 3200 1222 3272 quodqu

218 3285 294 3340 idem
305 3287 397 3342 Varro
410 3287 438 3340 in
451 3285 552 3340 eodem
563 3286 633 3340 libro
646 3286 747 3340 salsum
760 3285 828 3340 suris
842 3278 976 3358 ἔτυμον
987 3283 1067 3339 dicit.

147 3441 161 3494 l
231 3431 265 3489 ln
284 3431 375 3489 Xllll.
395 3446 521 3489 rerum
541 3428 761 3490 diuinarum
780 3429 880 3492 libro
898 3433 939 3492 M.
956 3433 1085 3494 Varro
1103 3432 1211 3494 doctis

175 3513 285 3573 simum
296 3521 370 3573 tuno
383 3512 513 3574 ciuitatis
526 3513 681 3574 hominem
697 3515 730 3574 L.
749 3514 904 3576 Aelium
924 3531 1049 3576 errasse
1070 3519 1214 3578 ostendit
