<?xml version="1.0" encoding="UTF-8"?>
<!DOCTYPE html PUBLIC "-//W3C//DTD XHTML 1.0 Transitional//EN"
    "http://www.w3.org/TR/xhtml1/DTD/xhtml1-transitional.dtd">
<html xmlns="http://www.w3.org/1999/xhtml" xml:lang="en" lang="en">
 <head>
  <title>
</title>
<meta http-equiv="Content-Type" content="text/html;charset=utf-8" />
  <meta name='ocr-system' content='tesseract 3.04.00' />
  <meta name='ocr-capabilities' content='ocr_page ocr_carea ocr_par ocr_line ocrx_word'/>
</head>
<body>
  <div class='ocr_page' id='page_1' title='image "agelliinoctivma03gellgoog_0133.png"; bbox 0 0 2456 3918; ppageno 0'>
   <div class='ocr_carea' id='block_1_1' title="bbox 123 187 774 270">
    <p class='ocr_par' dir='ltr' id='par_1_1' title="bbox 123 187 774 270">
     <span class='ocr_line' id='line_1_1' title="bbox 123 187 774 270; baseline -0.005 -1"><span class='ocrx_word' id='word_1_1' title='bbox 123 205 185 270; x_wconf 89' lang='lat'><strong>110</strong></span> <span class='ocrx_word' id='word_1_2' title='bbox 506 209 542 268; x_wconf 94' lang='lat' dir='ltr'><strong>Il.</strong></span> <span class='ocrx_word' id='word_1_3' title='bbox 565 222 688 268; x_wconf 86' lang='lat' dir='ltr'><strong>xxvnn.</strong></span> <span class='ocrx_word' id='word_1_4' title='bbox 700 187 774 267; x_wconf 76' lang='lat' dir='ltr'><strong>xxn.</strong></span> 
     </span>
    </p>
   </div>
   <div class='ocr_carea' id='block_1_2' title="bbox 75 373 1167 2981">
    <p class='ocr_par' dir='ltr' id='par_1_2' title="bbox 75 373 1167 2981">
     <span class='ocr_line' id='line_1_2' title="bbox 81 373 1163 456; baseline -0.001 -16"><span class='ocrx_word' id='word_1_5' title='bbox 81 384 156 440; x_wconf 70' lang='lat' dir='ltr'><strong>liut</strong></span> <span class='ocrx_word' id='word_1_6' title='bbox 177 376 279 438; x_wconf 83' lang='lat' dir='ltr'>adsint</span> <span class='ocrx_word' id='word_1_7' title='bbox 306 393 375 438; x_wconf 87' lang='lat' dir='ltr'><strong>oras</strong></span> <span class='ocrx_word' id='word_1_8' title='bbox 397 373 531 452; x_wconf 83' lang='lat' dir='ltr'><strong>tempori</strong></span> <span class='ocrx_word' id='word_1_9' title='bbox 554 375 594 435; x_wconf 89' lang='lat' dir='ltr'><strong>ad</strong></span> <span class='ocrx_word' id='word_1_10' title='bbox 615 375 833 436; x_wconf 83' lang='lat' dir='ltr'><strong>metendum‘l&#39;</strong></span> <span class='ocrx_word' id='word_1_11' title='bbox 867 374 976 437; x_wconf 92' lang='lat' dir='ltr'><strong>ltidem</strong></span> <span class='ocrx_word' id='word_1_12' title='bbox 1002 379 1063 439; x_wconf 87' lang='lat' dir='ltr'><strong>hoe</strong></span> <span class='ocrx_word' id='word_1_13' title='bbox 1086 379 1163 456; x_wconf 90' lang='lat' dir='ltr'><strong>pulli</strong></span> 
     </span>
     <span class='ocr_line' id='line_1_3' title="bbox 121 459 1165 539; baseline 0.004 -18"><span class='ocrx_word' id='word_1_14' title='bbox 121 459 275 539; x_wconf 79' lang='lat' dir='ltr'><strong>pauefacti</strong></span> <span class='ocrx_word' id='word_1_15' title='bbox 291 460 379 522; x_wconf 86' lang='lat' dir='ltr'><strong>matri</strong></span> <span class='ocrx_word' id='word_1_16' title='bbox 400 459 549 522; x_wconf 89' lang='lat' dir='ltr'><strong>nuntiant.</strong></span> <span class='ocrx_word' id='word_1_17' title='bbox 598 459 698 519; x_wconf 83' lang='lat' dir='ltr'>Mater</span> <span class='ocrx_word' id='word_1_18' title='bbox 718 459 873 533; x_wconf 84' lang='lat' dir='ltr'><strong>hortatur,</strong></span> <span class='ocrx_word' id='word_1_19' title='bbox 896 466 930 520; x_wconf 89' lang='lat' dir='ltr'><strong>ut</strong></span> <span class='ocrx_word' id='word_1_20' title='bbox 951 467 1017 523; x_wconf 85' lang='lat' dir='ltr'><strong>tum</strong></span> <span class='ocrx_word' id='word_1_21' title='bbox 1035 480 1165 539; x_wconf 90' lang='lat' dir='ltr'><strong>quoque</strong></span> 
     </span>
     <span class='ocr_line' id='line_1_4' title="bbox 122 541 1163 623; baseline 0.002 -17"><span class='ocrx_word' id='word_1_22' title='bbox 122 545 189 607; x_wconf 89' lang='lat' dir='ltr'><strong>sine</strong></span> <span class='ocrx_word' id='word_1_23' title='bbox 216 552 300 606; x_wconf 92' lang='lat' dir='ltr'><strong>metu</strong></span> <span class='ocrx_word' id='word_1_24' title='bbox 322 561 358 605; x_wconf 84' lang='lat' dir='ltr'><strong>ae</strong></span> <span class='ocrx_word' id='word_1_25' title='bbox 381 543 448 606; x_wconf 90' lang='lat' dir='ltr'><strong>sine</strong></span> <span class='ocrx_word' id='word_1_26' title='bbox 471 559 545 605; x_wconf 88' lang='lat' dir='ltr'><strong>eura</strong></span> <span class='ocrx_word' id='word_1_27' title='bbox 567 541 642 616; x_wconf 88' lang='lat' dir='ltr'><strong>sint,</strong></span> <span class='ocrx_word' id='word_1_28' title='bbox 673 549 825 619; x_wconf 85' lang='lat' dir='ltr'><strong>cognatos</strong></span> <span class='ocrx_word' id='word_1_29' title='bbox 850 544 1035 623; x_wconf 85' lang='lat' dir='ltr'><strong>adfinesque</strong></span> <span class='ocrx_word' id='word_1_30' title='bbox 1057 549 1163 611; x_wconf 89' lang='lat' dir='ltr'><strong>nullos</strong></span> 
     </span>
     <span class='ocr_line' id='line_1_5' title="bbox 122 623 1164 710; baseline 0.001 -19"><span class='ocrx_word' id='word_1_31' title='bbox 122 631 218 691; x_wconf 85' lang='lat' dir='ltr'><strong>terme</strong></span> <span class='ocrx_word' id='word_1_32' title='bbox 228 636 291 690; x_wconf 91' lang='lat' dir='ltr'><strong>tam</strong></span> <span class='ocrx_word' id='word_1_33' title='bbox 301 646 373 691; x_wconf 91' lang='lat' dir='ltr'><strong>esse</strong></span> <span class='ocrx_word' id='word_1_34' title='bbox 389 623 600 710; x_wconf 82' lang='lat' dir='ltr'><strong>obsequibiles</strong></span> <span class='ocrx_word' id='word_1_35' title='bbox 612 628 666 701; x_wconf 91' lang='lat' dir='ltr'><strong>ait,</strong></span> <span class='ocrx_word' id='word_1_36' title='bbox 685 635 719 689; x_wconf 90' lang='lat' dir='ltr'><strong>ut</strong></span> <span class='ocrx_word' id='word_1_37' title='bbox 731 628 770 688; x_wconf 92' lang='lat' dir='ltr'><strong>ad</strong></span> <span class='ocrx_word' id='word_1_38' title='bbox 781 627 919 689; x_wconf 87' lang='lat' dir='ltr'><strong>laborem</strong></span> <span class='ocrx_word' id='word_1_39' title='bbox 932 634 1164 707; x_wconf 86' lang='lat' dir='ltr'><strong>capessendum</strong></span> 
     </span>
     <span class='ocr_line' id='line_1_6' title="bbox 122 711 1164 790; baseline 0.002 -16"><span class='ocrx_word' id='word_1_40' title='bbox 122 713 195 774; x_wconf 89' lang='lat' dir='ltr'>nihil</span> <span class='ocrx_word' id='word_1_41' title='bbox 213 720 397 774; x_wconf 81' lang='lat' dir='ltr'><strong>cunctentur</strong></span> <span class='ocrx_word' id='word_1_42' title='bbox 416 720 446 774; x_wconf 90' lang='lat' dir='ltr'><strong>et</strong></span> <span class='ocrx_word' id='word_1_43' title='bbox 464 711 566 774; x_wconf 84' lang='lat' dir='ltr'><strong>statim</strong></span> <span class='ocrx_word' id='word_1_44' title='bbox 579 711 661 773; x_wconf 87' lang='lat' dir='ltr'><strong>dieto</strong></span> <span class='ocrx_word' id='word_1_45' title='bbox 685 711 847 774; x_wconf 82' lang='lat' dir='ltr'><strong>obediant:</strong></span> <span class='ocrx_word' id='word_1_46' title='bbox 871 716 948 776; x_wconf 68' lang='lat' dir='ltr'><strong>‘uos</strong></span> <span class='ocrx_word' id='word_1_47' title='bbox 972 717 1097 790; x_wconf 85' lang='lat' dir='ltr'><strong>modo&#39;,</strong></span> <span class='ocrx_word' id='word_1_48' title='bbox 1118 717 1164 776; x_wconf 90' lang='lat' dir='ltr'><strong>in-</strong></span> 
     </span>
     <span class='ocr_line' id='line_1_7' title="bbox 84 796 1165 874; baseline 0.003 -15"><span class='ocrx_word' id='word_1_49' title='bbox 84 797 199 874; x_wconf 72' lang='lat' dir='ltr'><strong>nequit,</strong></span> <span class='ocrx_word' id='word_1_50' title='bbox 223 797 412 872; x_wconf 49' lang='lat' dir='ltr'><strong>‘aduertite</strong></span> <span class='ocrx_word' id='word_1_51' title='bbox 435 797 573 858; x_wconf 89' lang='lat' dir='ltr'><strong>simodo</strong></span> <span class='ocrx_word' id='word_1_52' title='bbox 592 796 666 873; x_wconf 93' lang='lat' dir='ltr'><strong>quid</strong></span> <span class='ocrx_word' id='word_1_53' title='bbox 687 796 956 859; x_wconf 86' lang='lat' dir='ltr'><strong>denuodioetur’.</strong></span> <span class='ocrx_word' id='word_1_54' title='bbox 1000 799 1070 860; x_wconf 88' lang='lat' dir='ltr'><strong>Alia</strong></span> <span class='ocrx_word' id='word_1_55' title='bbox 1092 803 1165 862; x_wconf 86' lang='lat' dir='ltr'><strong>luce</strong></span> 
     </span>
     <span class='ocr_line' id='line_1_8' title="bbox 122 881 1164 959; baseline 0.003 -16"><span class='ocrx_word' id='word_1_56' title='bbox 122 887 204 955; x_wconf 85' lang='lat' dir='ltr'><strong>orta,</strong></span> <span class='ocrx_word' id='word_1_57' title='bbox 239 881 305 942; x_wconf 87' lang='lat' dir='ltr'><strong>auis</strong></span> <span class='ocrx_word' id='word_1_58' title='bbox 335 881 366 941; x_wconf 92' lang='lat' dir='ltr'><strong>in</strong></span> <span class='ocrx_word' id='word_1_59' title='bbox 388 888 512 959; x_wconf 89' lang='lat' dir='ltr'><strong>pastum</strong></span> <span class='ocrx_word' id='word_1_60' title='bbox 534 883 675 958; x_wconf 85' lang='lat' dir='ltr'><strong>prolecta</strong></span> <span class='ocrx_word' id='word_1_61' title='bbox 703 888 760 942; x_wconf 90' lang='lat' dir='ltr'><strong>est.</strong></span> <span class='ocrx_word' id='word_1_62' title='bbox 816 883 944 958; x_wconf 84' lang='lat' dir='ltr'><strong>Cognati</strong></span> <span class='ocrx_word' id='word_1_63' title='bbox 977 892 1007 945; x_wconf 91' lang='lat' dir='ltr'><strong>et</strong></span> <span class='ocrx_word' id='word_1_64' title='bbox 1040 885 1164 946; x_wconf 89' lang='lat' dir='ltr'><strong>adfines</strong></span> 
     </span>
     <span class='ocr_line' id='line_1_9' title="bbox 80 966 1165 1048; baseline 0.004 -21"><span class='ocrx_word' id='word_1_65' title='bbox 80 973 264 1043; x_wconf 70' lang='lat' dir='ltr'><strong>lioperam,</strong></span> <span class='ocrx_word' id='word_1_66' title='bbox 287 983 380 1042; x_wconf 90' lang='lat' dir='ltr'><strong>quam</strong></span> <span class='ocrx_word' id='word_1_67' title='bbox 402 968 477 1028; x_wconf 81' lang='lat' dir='ltr'><strong>dare</strong></span> <span class='ocrx_word' id='word_1_68' title='bbox 500 966 601 1041; x_wconf 86' lang='lat' dir='ltr'><strong>rogati</strong></span> <span class='ocrx_word' id='word_1_69' title='bbox 623 973 710 1039; x_wconf 90' lang='lat' dir='ltr'><strong>sunt,</strong></span> <span class='ocrx_word' id='word_1_70' title='bbox 734 968 989 1043; x_wconf 89' lang='lat' dir='ltr'><strong>supersederunt.</strong></span> <span class='ocrx_word' id='word_1_71' title='bbox 1033 971 1086 1030; x_wconf 94' lang='lat' dir='ltr'><strong>Ad</strong></span> <span class='ocrx_word' id='word_1_72' title='bbox 1107 987 1165 1048; x_wconf 92' lang='lat' dir='ltr'><strong>po-</strong></span> 
     </span>
     <span class='ocr_line' id='line_1_10' title="bbox 121 1049 1166 1128; baseline 0.004 -18"><span class='ocrx_word' id='word_1_73' title='bbox 121 1056 269 1111; x_wconf 91' lang='lat' dir='ltr'><strong>stremum</strong></span> <span class='ocrx_word' id='word_1_74' title='bbox 297 1049 389 1126; x_wconf 91' lang='lat' dir='ltr'><strong>igitur</strong></span> <span class='ocrx_word' id='word_1_75' title='bbox 418 1049 561 1113; x_wconf 91' lang='lat' dir='ltr'><strong>dominus</strong></span> <span class='ocrx_word' id='word_1_76' title='bbox 593 1049 676 1113; x_wconf 88' lang='lat' dir='ltr'><strong>filio:</strong></span> <span class='ocrx_word' id='word_1_77' title='bbox 705 1053 882 1123; x_wconf 78' lang='lat' dir='ltr'><strong>‘ualeant’‚</strong></span> <span class='ocrx_word' id='word_1_78' title='bbox 910 1052 1023 1128; x_wconf 89' lang='lat' dir='ltr'><strong>inquit,</strong></span> <span class='ocrx_word' id='word_1_79' title='bbox 1053 1054 1166 1114; x_wconf 69' lang='lat' dir='ltr'><strong>‘amici</strong></span> 
     </span>
     <span class='ocr_line' id='line_1_11' title="bbox 122 1134 1165 1212; baseline 0.005 -19"><span class='ocrx_word' id='word_1_80' title='bbox 122 1149 191 1194; x_wconf 88' lang='lat' dir='ltr'><strong>cum</strong></span> <span class='ocrx_word' id='word_1_81' title='bbox 217 1134 413 1212; x_wconf 84' lang='lat' dir='ltr'><strong>propinquis.</strong></span> <span class='ocrx_word' id='word_1_82' title='bbox 466 1135 590 1197; x_wconf 82' lang='lat' dir='ltr'><strong>Afferes</strong></span> <span class='ocrx_word' id='word_1_83' title='bbox 613 1134 714 1212; x_wconf 91' lang='lat' dir='ltr'><strong>primo</strong></span> <span class='ocrx_word' id='word_1_84' title='bbox 737 1135 798 1196; x_wconf 87' lang='lat' dir='ltr'><strong>luei</strong></span> <span class='ocrx_word' id='word_1_85' title='bbox 820 1135 917 1197; x_wconf 82' lang='lat' dir='ltr'><strong>falces</strong></span> <span class='ocrx_word' id='word_1_86' title='bbox 941 1138 1035 1198; x_wconf 87' lang='lat' dir='ltr'><strong>duas:</strong></span> <span class='ocrx_word' id='word_1_87' title='bbox 1067 1156 1165 1199; x_wconf 88' lang='lat' dir='ltr'><strong>unam</strong></span> 
     </span>
     <span class='ocr_line' id='line_1_12' title="bbox 121 1218 1164 1295; baseline 0.008 -18"><span class='ocrx_word' id='word_1_88' title='bbox 121 1225 245 1293; x_wconf 83' lang='lat' dir='ltr'><strong>egomet</strong></span> <span class='ocrx_word' id='word_1_89' title='bbox 267 1218 340 1279; x_wconf 93' lang='lat' dir='ltr'><strong>mihi</strong></span> <span class='ocrx_word' id='word_1_90' title='bbox 359 1226 390 1279; x_wconf 88' lang='lat' dir='ltr'><strong>et</strong></span> <span class='ocrx_word' id='word_1_91' title='bbox 413 1226 448 1280; x_wconf 93' lang='lat' dir='ltr'><strong>tu</strong></span> <span class='ocrx_word' id='word_1_92' title='bbox 468 1218 523 1279; x_wconf 90' lang='lat' dir='ltr'><strong>tibi</strong></span> <span class='ocrx_word' id='word_1_93' title='bbox 548 1219 653 1295; x_wconf 81' lang='lat' dir='ltr'><strong>capies</strong></span> <span class='ocrx_word' id='word_1_94' title='bbox 675 1221 803 1280; x_wconf 87' lang='lat' dir='ltr'><strong>alteram</strong></span> <span class='ocrx_word' id='word_1_95' title='bbox 826 1227 856 1279; x_wconf 90' lang='grc' dir='ltr'><strong>θῖ</strong></span> <span class='ocrx_word' id='word_1_96' title='bbox 879 1221 1066 1282; x_wconf 84' lang='lat' dir='ltr'><strong>frumentum</strong></span> <span class='ocrx_word' id='word_1_97' title='bbox 1089 1241 1164 1285; x_wconf 93' lang='lat' dir='ltr'><strong>nos-</strong></span> 
     </span>
     <span class='ocr_line' id='line_1_13' title="bbox 78 1301 1164 1384; baseline 0.006 -22"><span class='ocrx_word' id='word_1_98' title='bbox 78 1302 241 1378; x_wconf 76' lang='lat' dir='ltr'><strong>ltmetipsi</strong></span> <span class='ocrx_word' id='word_1_99' title='bbox 263 1302 406 1364; x_wconf 89' lang='lat' dir='ltr'><strong>manibus</strong></span> <span class='ocrx_word' id='word_1_100' title='bbox 428 1301 543 1365; x_wconf 90' lang='lat' dir='ltr'><strong>nostris</strong></span> <span class='ocrx_word' id='word_1_101' title='bbox 567 1320 636 1364; x_wconf 86' lang='lat' dir='ltr'><strong>eras</strong></span> <span class='ocrx_word' id='word_1_102' title='bbox 654 1309 837 1365; x_wconf 86' lang='lat' dir='ltr'><strong>metemus&#39;.</strong></span> <span class='ocrx_word' id='word_1_103' title='bbox 881 1306 916 1366; x_wconf 93' lang='lat' dir='ltr'><strong>ld</strong></span> <span class='ocrx_word' id='word_1_104' title='bbox 938 1305 992 1366; x_wconf 90' lang='lat' dir='ltr'><strong>ubi</strong></span> <span class='ocrx_word' id='word_1_105' title='bbox 1011 1323 1051 1366; x_wconf 88' lang='lat' dir='ltr'><strong>ex</strong></span> <span class='ocrx_word' id='word_1_106' title='bbox 1067 1307 1164 1384; x_wconf 90' lang='lat' dir='ltr'><strong>pullis</strong></span> 
     </span>
     <span class='ocr_line' id='line_1_14' title="bbox 121 1385 1165 1467; baseline 0.008 -22"><span class='ocrx_word' id='word_1_107' title='bbox 121 1385 237 1447; x_wconf 89' lang='lat' dir='ltr'><strong>dixisse</strong></span> <span class='ocrx_word' id='word_1_108' title='bbox 255 1386 414 1449; x_wconf 91' lang='lat' dir='ltr'><strong>dominum</strong></span> <span class='ocrx_word' id='word_1_109' title='bbox 431 1392 530 1448; x_wconf 87' lang='lat' dir='ltr'><strong>mater</strong></span> <span class='ocrx_word' id='word_1_110' title='bbox 546 1387 678 1450; x_wconf 88' lang='lat' dir='ltr'><strong>audiuit:</strong></span> <span class='ocrx_word' id='word_1_111' title='bbox 703 1393 844 1464; x_wconf 76' lang='lat' dir='ltr'><strong>‘tempus</strong></span> <span class='ocrx_word' id='word_1_112' title='bbox 854 1393 876 1464; x_wconf 87' lang='lat'><strong>’,</strong></span> <span class='ocrx_word' id='word_1_113' title='bbox 897 1389 1011 1467; x_wconf 87' lang='lat' dir='ltr'><strong>inquit,</strong></span> <span class='ocrx_word' id='word_1_114' title='bbox 1032 1395 1101 1453; x_wconf 75' lang='lat' dir='ltr'><strong>‘est</strong></span> <span class='ocrx_word' id='word_1_115' title='bbox 1113 1409 1165 1452; x_wconf 86' lang='lat' dir='ltr'><strong>ce·</strong></span> 
     </span>
     <span class='ocr_line' id='line_1_15' title="bbox 120 1470 1165 1550; baseline 0.007 -21"><span class='ocrx_word' id='word_1_116' title='bbox 120 1470 214 1530; x_wconf 92' lang='lat' dir='ltr'><strong>dendi</strong></span> <span class='ocrx_word' id='word_1_117' title='bbox 226 1478 257 1531; x_wconf 86' lang='lat' dir='ltr'><strong>et</strong></span> <span class='ocrx_word' id='word_1_118' title='bbox 268 1471 417 1545; x_wconf 83' lang='lat' dir='ltr'><strong>abeundi3</strong></span> <span class='ocrx_word' id='word_1_119' title='bbox 442 1471 496 1532; x_wconf 89' lang='lat' dir='ltr'><strong>fiet</strong></span> <span class='ocrx_word' id='word_1_120' title='bbox 507 1489 589 1533; x_wconf 84' lang='lat' dir='ltr'><strong>nunc</strong></span> <span class='ocrx_word' id='word_1_121' title='bbox 603 1472 696 1535; x_wconf 92' lang='lat' dir='ltr'><strong>dubio</strong></span> <span class='ocrx_word' id='word_1_122' title='bbox 713 1475 840 1549; x_wconf 82' lang='lat' dir='ltr'><strong>procul,</strong></span> <span class='ocrx_word' id='word_1_123' title='bbox 866 1475 951 1550; x_wconf 89' lang='lat' dir='ltr'><strong>quod</strong></span> <span class='ocrx_word' id='word_1_124' title='bbox 964 1477 1102 1537; x_wconf 81' lang='lat' dir='ltr'><strong>futurum</strong></span> <span class='ocrx_word' id='word_1_125' title='bbox 1120 1476 1165 1536; x_wconf 91' lang='lat' dir='ltr'><strong>di-</strong></span> 
     </span>
     <span class='ocr_line' id='line_1_16' title="bbox 118 1553 1166 1634; baseline 0.008 -22"><span class='ocrx_word' id='word_1_126' title='bbox 118 1553 172 1615; x_wconf 88' lang='lat' dir='ltr'><strong>xit.</strong></span> <span class='ocrx_word' id='word_1_127' title='bbox 198 1554 313 1633; x_wconf 87' lang='lat' dir='ltr'><strong>inipso</strong></span> <span class='ocrx_word' id='word_1_128' title='bbox 326 1555 406 1616; x_wconf 91' lang='lat' dir='ltr'><strong>enim</strong></span> <span class='ocrx_word' id='word_1_129' title='bbox 418 1555 479 1616; x_wconf 87' lang='lat' dir='ltr'><strong>iam</strong></span> <span class='ocrx_word' id='word_1_130' title='bbox 489 1557 636 1630; x_wconf 89' lang='lat' dir='ltr'><strong>uertitur,</strong></span> <span class='ocrx_word' id='word_1_131' title='bbox 649 1557 718 1619; x_wconf 85' lang='lat' dir='ltr'><strong>cuia</strong></span> <span class='ocrx_word' id='word_1_132' title='bbox 730 1573 781 1618; x_wconf 87' lang='lat' dir='ltr'><strong>res</strong></span> <span class='ocrx_word' id='word_1_133' title='bbox 793 1565 857 1632; x_wconf 92' lang='grc' dir='ltr'><strong>θεῖ,</strong></span> <span class='ocrx_word' id='word_1_134' title='bbox 870 1577 932 1621; x_wconf 91' lang='lat' dir='ltr'><strong>non</strong></span> <span class='ocrx_word' id='word_1_135' title='bbox 945 1559 975 1620; x_wconf 93' lang='lat' dir='ltr'><strong>in</strong></span> <span class='ocrx_word' id='word_1_136' title='bbox 989 1558 1064 1634; x_wconf 91' lang='lat' dir='ltr'><strong>alio,</strong></span> <span class='ocrx_word' id='word_1_137' title='bbox 1077 1561 1166 1621; x_wconf 89' lang='lat' dir='ltr'><strong>unde</strong></span> 
     </span>
     <span class='ocr_line' id='line_1_17' title="bbox 78 1639 1165 1720; baseline 0.004 -21"><span class='ocrx_word' id='word_1_138' title='bbox 78 1647 110 1700; x_wconf 86' lang='lat'><strong>16</strong></span> <span class='ocrx_word' id='word_1_139' title='bbox 116 1639 260 1714; x_wconf 87' lang='lat' dir='ltr'><strong>petitur&#39;.</strong></span> <span class='ocrx_word' id='word_1_140' title='bbox 283 1643 388 1718; x_wconf 89' lang='lat' dir='ltr'><strong>Atque</strong></span> <span class='ocrx_word' id='word_1_141' title='bbox 404 1640 447 1701; x_wconf 85' lang='lat' dir='ltr'><strong>ita</strong></span> <span class='ocrx_word' id='word_1_142' title='bbox 460 1641 574 1703; x_wconf 82' lang='lat' dir='ltr'><strong>cassita</strong></span> <span class='ocrx_word' id='word_1_143' title='bbox 585 1641 690 1703; x_wconf 93' lang='lat' dir='ltr'><strong>nidum</strong></span> <span class='ocrx_word' id='word_1_144' title='bbox 709 1641 867 1718; x_wconf 87' lang='lat' dir='ltr'><strong>migrauit,</strong></span> <span class='ocrx_word' id='word_1_145' title='bbox 887 1661 978 1720; x_wconf 88' lang='lat' dir='ltr'><strong>seges</strong></span> <span class='ocrx_word' id='word_1_146' title='bbox 998 1661 1016 1702; x_wconf 90' lang='lat' dir='ltr'><strong>a</strong></span> <span class='ocrx_word' id='word_1_147' title='bbox 1034 1643 1165 1706; x_wconf 89' lang='lat' dir='ltr'><strong>domino</strong></span> 
     </span>
     <span class='ocr_line' id='line_1_18' title="bbox 120 1723 818 1791; baseline 0.013 -9"><span class='ocrx_word' id='word_1_148' title='bbox 120 1723 264 1787; x_wconf 84' lang='lat' dir='ltr'><strong>demessa</strong></span> <span class='ocrx_word' id='word_1_149' title='bbox 285 1730 361 1786; x_wconf 84' lang='lat' dir='ltr'><strong>est’.</strong></span> <span class='ocrx_word' id='word_1_150' title='bbox 816 1789 818 1791; x_wconf 82' lang='grc'><strong>,</strong></span> 
     </span>
     <span class='ocr_line' id='line_1_19' title="bbox 77 1809 1166 1888; baseline 0.006 -21"><span class='ocrx_word' id='word_1_151' title='bbox 77 1813 110 1869; x_wconf 84' lang='grc'><strong>17</strong></span> <span class='ocrx_word' id='word_1_152' title='bbox 179 1809 264 1870; x_wconf 85' lang='lat' dir='ltr'><strong>Haec</strong></span> <span class='ocrx_word' id='word_1_153' title='bbox 281 1809 406 1886; x_wconf 87' lang='lat' dir='ltr'><strong>quidem</strong></span> <span class='ocrx_word' id='word_1_154' title='bbox 424 1817 473 1871; x_wconf 86' lang='lat' dir='ltr'><strong>est</strong></span> <span class='ocrx_word' id='word_1_155' title='bbox 493 1809 642 1886; x_wconf 89' lang='lat' dir='ltr'><strong>Aesopi</strong></span> <span class='ocrx_word' id='word_1_156' title='bbox 666 1811 769 1870; x_wconf 83' lang='lat' dir='ltr'><strong>tabula</strong></span> <span class='ocrx_word' id='word_1_157' title='bbox 789 1811 829 1870; x_wconf 90' lang='lat' dir='ltr'><strong>de</strong></span> <span class='ocrx_word' id='word_1_158' title='bbox 851 1811 1020 1874; x_wconf 83' lang='lat' dir='ltr'><strong>amicorum</strong></span> <span class='ocrx_word' id='word_1_159' title='bbox 1042 1818 1074 1872; x_wconf 91' lang='lat' dir='ltr'><strong>et</strong></span> <span class='ocrx_word' id='word_1_160' title='bbox 1090 1831 1166 1888; x_wconf 91' lang='lat' dir='ltr'><strong>pro-</strong></span> 
     </span>
     <span class='ocr_line' id='line_1_20' title="bbox 78 1891 1167 1972; baseline 0.008 -23"><span class='ocrx_word' id='word_1_161' title='bbox 78 1891 305 1969; x_wconf 83' lang='lat' dir='ltr'><strong>18pinquorum</strong></span> <span class='ocrx_word' id='word_1_162' title='bbox 317 1893 378 1956; x_wconf 92' lang='lat' dir='ltr'><strong>leui</strong></span> <span class='ocrx_word' id='word_1_163' title='bbox 395 1895 578 1970; x_wconf 87' lang='lat' dir='ltr'><strong>plerumque</strong></span> <span class='ocrx_word' id='word_1_164' title='bbox 596 1901 627 1955; x_wconf 90' lang='lat' dir='ltr'><strong>et</strong></span> <span class='ocrx_word' id='word_1_165' title='bbox 637 1893 720 1955; x_wconf 88' lang='lat' dir='ltr'><strong>inani</strong></span> <span class='ocrx_word' id='word_1_166' title='bbox 736 1893 860 1955; x_wconf 88' lang='lat' dir='ltr'><strong>lidueia.</strong></span> <span class='ocrx_word' id='word_1_167' title='bbox 906 1895 969 1957; x_wconf 86' lang='lat' dir='ltr'><strong>Sed</strong></span> <span class='ocrx_word' id='word_1_168' title='bbox 988 1895 1062 1972; x_wconf 92' lang='lat' dir='ltr'><strong>quid</strong></span> <span class='ocrx_word' id='word_1_169' title='bbox 1079 1897 1167 1958; x_wconf 89' lang='lat' dir='ltr'><strong>aliud</strong></span> 
     </span>
     <span class='ocr_line' id='line_1_21' title="bbox 119 1977 1167 2055; baseline 0.005 -19"><span class='ocrx_word' id='word_1_170' title='bbox 119 1977 291 2040; x_wconf 82' lang='lat' dir='ltr'><strong>sanctiores</strong></span> <span class='ocrx_word' id='word_1_171' title='bbox 322 1979 411 2040; x_wconf 93' lang='lat' dir='ltr'><strong>libri</strong></span> <span class='ocrx_word' id='word_1_172' title='bbox 437 1978 766 2054; x_wconf 90' lang='lat' dir='ltr'><strong>philosophorum</strong></span> <span class='ocrx_word' id='word_1_173' title='bbox 795 1986 937 2053; x_wconf 86' lang='lat' dir='ltr'><strong>monent,</strong></span> <span class='ocrx_word' id='word_1_174' title='bbox 961 1997 1053 2055; x_wconf 91' lang='lat' dir='ltr'><strong>quam</strong></span> <span class='ocrx_word' id='word_1_175' title='bbox 1076 1987 1112 2041; x_wconf 93' lang='lat' dir='ltr'><strong>ut</strong></span> <span class='ocrx_word' id='word_1_176' title='bbox 1134 1981 1167 2041; x_wconf 92' lang='lat' dir='ltr'><strong>in</strong></span> 
     </span>
     <span class='ocr_line' id='line_1_22' title="bbox 77 2060 1167 2140; baseline 0.004 -20"><span class='ocrx_word' id='word_1_177' title='bbox 77 2060 207 2123; x_wconf 87' lang='lat' dir='ltr'><strong>19nobis</strong></span> <span class='ocrx_word' id='word_1_178' title='bbox 228 2069 347 2123; x_wconf 86' lang='lat' dir='ltr'><strong>tantum</strong></span> <span class='ocrx_word' id='word_1_179' title='bbox 366 2063 444 2138; x_wconf 91' lang='lat' dir='ltr'><strong>ipsis</strong></span> <span class='ocrx_word' id='word_1_180' title='bbox 465 2061 614 2136; x_wconf 85' lang='lat' dir='ltr'><strong>nitamur,</strong></span> <span class='ocrx_word' id='word_1_181' title='bbox 637 2063 697 2123; x_wconf 88' lang='lat' dir='ltr'><strong>alia</strong></span> <span class='ocrx_word' id='word_1_182' title='bbox 710 2068 813 2124; x_wconf 89' lang='lat' dir='ltr'><strong>autem</strong></span> <span class='ocrx_word' id='word_1_183' title='bbox 832 2064 950 2139; x_wconf 87' lang='lat' dir='ltr'><strong>omnia,</strong></span> <span class='ocrx_word' id='word_1_184' title='bbox 974 2081 1053 2140; x_wconf 88' lang='lat' dir='ltr'><strong>quae</strong></span> <span class='ocrx_word' id='word_1_185' title='bbox 1074 2072 1167 2126; x_wconf 86' lang='lat' dir='ltr'><strong>extra</strong></span> 
     </span>
     <span class='ocr_line' id='line_1_23' title="bbox 118 2146 1166 2225; baseline 0.008 -22"><span class='ocrx_word' id='word_1_186' title='bbox 118 2161 176 2206; x_wconf 91' lang='lat' dir='ltr'><strong>nos</strong></span> <span class='ocrx_word' id='word_1_187' title='bbox 200 2153 350 2222; x_wconf 83' lang='lat' dir='ltr'><strong>extraque</strong></span> <span class='ocrx_word' id='word_1_188' title='bbox 371 2153 511 2208; x_wconf 90' lang='lat' dir='ltr'><strong>nostrum</strong></span> <span class='ocrx_word' id='word_1_189' title='bbox 541 2146 676 2207; x_wconf 92' lang='lat' dir='ltr'><strong>animum</strong></span> <span class='ocrx_word' id='word_1_190' title='bbox 704 2153 790 2220; x_wconf 89' lang='lat' dir='ltr'><strong>sunt,</strong></span> <span class='ocrx_word' id='word_1_191' title='bbox 822 2164 924 2225; x_wconf 90' lang='lat' dir='ltr'><strong>neque</strong></span> <span class='ocrx_word' id='word_1_192' title='bbox 954 2165 1012 2224; x_wconf 89' lang='lat' dir='ltr'><strong>pro</strong></span> <span class='ocrx_word' id='word_1_193' title='bbox 1043 2150 1166 2211; x_wconf 90' lang='lat' dir='ltr'><strong>nostris</strong></span> 
     </span>
     <span class='ocr_line' id='line_1_24' title="bbox 75 2229 1167 2309; baseline 0.005 -21"><span class='ocrx_word' id='word_1_194' title='bbox 75 2235 220 2304; x_wconf 72' lang='lat' dir='ltr'><strong>luneque</strong></span> <span class='ocrx_word' id='word_1_195' title='bbox 247 2246 304 2305; x_wconf 84' lang='lat' dir='ltr'><strong>pro</strong></span> <span class='ocrx_word' id='word_1_196' title='bbox 328 2229 419 2290; x_wconf 90' lang='lat' dir='ltr'><strong>nobis</strong></span> <span class='ocrx_word' id='word_1_197' title='bbox 446 2230 617 2291; x_wconf 82' lang='lat' dir='ltr'><strong>ducamus?</strong></span> <span class='ocrx_word' id='word_1_198' title='bbox 648 2232 738 2293; x_wconf 85' lang='lat' dir='ltr'><strong>Hune</strong></span> <span class='ocrx_word' id='word_1_199' title='bbox 767 2232 921 2308; x_wconf 83' lang='lat' dir='ltr'><strong>Aesopi</strong></span> <span class='ocrx_word' id='word_1_200' title='bbox 950 2235 1167 2309; x_wconf 82' lang='lat' dir='ltr'><strong>apologum</strong></span> 
     </span>
     <span class='ocr_line' id='line_1_25' title="bbox 118 2311 1167 2388; baseline 0.007 -16"><span class='ocrx_word' id='word_1_201' title='bbox 118 2313 152 2388; x_wconf 83' lang='lat' dir='ltr'><strong>Q.</strong></span> <span class='ocrx_word' id='word_1_202' title='bbox 181 2311 328 2375; x_wconf 80' lang='lat' dir='ltr'><strong>Ennius</strong></span> <span class='ocrx_word' id='word_1_203' title='bbox 354 2313 390 2373; x_wconf 93' lang='lat' dir='ltr'><strong>in</strong></span> <span class='ocrx_word' id='word_1_204' title='bbox 418 2312 554 2376; x_wconf 84' lang='lat' dir='ltr'><strong>satiris</strong></span> <span class='ocrx_word' id='word_1_205' title='bbox 583 2313 661 2375; x_wconf 81' lang='lat' dir='ltr'><strong>scite</strong></span> <span class='ocrx_word' id='word_1_206' title='bbox 683 2315 851 2376; x_wconf 88' lang='lat' dir='ltr'><strong>admodum</strong></span> <span class='ocrx_word' id='word_1_207' title='bbox 881 2322 913 2377; x_wconf 90' lang='lat' dir='ltr'><strong>et</strong></span> <span class='ocrx_word' id='word_1_208' title='bbox 934 2324 1068 2378; x_wconf 91' lang='lat' dir='ltr'><strong>uenuste</strong></span> <span class='ocrx_word' id='word_1_209' title='bbox 1092 2335 1167 2379; x_wconf 88' lang='lat' dir='ltr'><strong>uer-</strong></span> 
     </span>
     <span class='ocr_line' id='line_1_26' title="bbox 117 2396 1166 2477; baseline 0.007 -20"><span class='ocrx_word' id='word_1_210' title='bbox 117 2396 204 2458; x_wconf 80' lang='lat' dir='ltr'><strong>sibus</strong></span> <span class='ocrx_word' id='word_1_211' title='bbox 217 2397 375 2474; x_wconf 86' lang='lat' dir='ltr'><strong>quadratis</strong></span> <span class='ocrx_word' id='word_1_212' title='bbox 388 2396 575 2475; x_wconf 87' lang='lat' dir='ltr'><strong>composuit.</strong></span> <span class='ocrx_word' id='word_1_213' title='bbox 621 2399 759 2474; x_wconf 84' lang='lat' dir='ltr'><strong>Quorum</strong></span> <span class='ocrx_word' id='word_1_214' title='bbox 773 2399 834 2461; x_wconf 93' lang='lat' dir='ltr'><strong>duo</strong></span> <span class='ocrx_word' id='word_1_215' title='bbox 847 2400 998 2477; x_wconf 90' lang='lat' dir='ltr'><strong>postremi</strong></span> <span class='ocrx_word' id='word_1_216' title='bbox 1014 2400 1066 2463; x_wconf 87' lang='lat' dir='ltr'><strong>isti</strong></span> <span class='ocrx_word' id='word_1_217' title='bbox 1078 2409 1166 2477; x_wconf 89' lang='lat' dir='ltr'><strong>sunt,</strong></span> 
     </span>
     <span class='ocr_line' id='line_1_27' title="bbox 118 2481 1167 2561; baseline 0.006 -19"><span class='ocrx_word' id='word_1_218' title='bbox 118 2498 198 2556; x_wconf 91' lang='lat' dir='ltr'><strong>quos</strong></span> <span class='ocrx_word' id='word_1_219' title='bbox 214 2483 329 2543; x_wconf 87' lang='lat' dir='ltr'><strong>habere</strong></span> <span class='ocrx_word' id='word_1_220' title='bbox 345 2481 431 2544; x_wconf 87' lang='lat' dir='ltr'><strong>cordi</strong></span> <span class='ocrx_word' id='word_1_221' title='bbox 451 2489 482 2544; x_wconf 93' lang='grc' dir='ltr'><strong>θῖ</strong></span> <span class='ocrx_word' id='word_1_222' title='bbox 498 2483 665 2544; x_wconf 90' lang='lat' dir='ltr'><strong>memoriae</strong></span> <span class='ocrx_word' id='word_1_223' title='bbox 686 2499 801 2558; x_wconf 87' lang='lat' dir='ltr'><strong>operae</strong></span> <span class='ocrx_word' id='word_1_224' title='bbox 817 2484 951 2561; x_wconf 89' lang='lat' dir='ltr'><strong>pretium</strong></span> <span class='ocrx_word' id='word_1_225' title='bbox 966 2502 1039 2548; x_wconf 88' lang='lat' dir='ltr'><strong>esse</strong></span> <span class='ocrx_word' id='word_1_226' title='bbox 1056 2485 1167 2548; x_wconf 83' lang='lat' dir='ltr'><strong>hercle</strong></span> 
     </span>
     <span class='ocr_line' id='line_1_28' title="bbox 117 2572 208 2642; baseline 0.011 -16"><span class='ocrx_word' id='word_1_227' title='bbox 117 2572 208 2642; x_wconf 89' lang='lat' dir='ltr'><strong>puto:</strong></span> 
     </span>
     <span class='ocr_line' id='line_1_29' title="bbox 159 2648 1167 2732; baseline 0.007 -23"><span class='ocrx_word' id='word_1_228' title='bbox 159 2648 240 2712; x_wconf 80' lang='lat' dir='ltr'><strong>Hoc</strong></span> <span class='ocrx_word' id='word_1_229' title='bbox 261 2650 336 2712; x_wconf 89' lang='lat' dir='ltr'><strong>erit</strong></span> <span class='ocrx_word' id='word_1_230' title='bbox 359 2650 429 2712; x_wconf 89' lang='lat' dir='ltr'><strong>tibi</strong></span> <span class='ocrx_word' id='word_1_231' title='bbox 453 2648 717 2727; x_wconf 69' lang='lat' dir='ltr'><strong>{argumentum</strong></span> <span class='ocrx_word' id='word_1_232' title='bbox 739 2649 892 2729; x_wconf 76' lang='lat' dir='ltr'><strong>semper</strong></span> <span class='ocrx_word' id='word_1_233' title='bbox 918 2653 955 2714; x_wconf 94' lang='lat' dir='ltr'><strong>in</strong></span> <span class='ocrx_word' id='word_1_234' title='bbox 977 2653 1167 2732; x_wconf 81' lang='lat' dir='ltr'><strong>promptu</strong></span> 
     </span>
     <span class='ocr_line' id='line_1_30' title="bbox 779 2736 911 2798; baseline 0.008 -1"><span class='ocrx_word' id='word_1_235' title='bbox 779 2736 911 2798; x_wconf 90' lang='lat' dir='ltr'><strong>situm:</strong></span> 
     </span>
     <span class='ocr_line' id='line_1_31' title="bbox 158 2817 1165 2897; baseline 0.001 -17"><span class='ocrx_word' id='word_1_236' title='bbox 158 2817 207 2880; x_wconf 77' lang='lat' dir='ltr'><strong>Ne</strong></span> <span class='ocrx_word' id='word_1_237' title='bbox 231 2819 323 2896; x_wconf 91' lang='lat' dir='ltr'><strong>quid</strong></span> <span class='ocrx_word' id='word_1_238' title='bbox 355 2818 546 2897; x_wconf 85' lang='lat' dir='ltr'><strong>expecte&#39;s</strong></span> <span class='ocrx_word' id='word_1_239' title='bbox 570 2819 734 2894; x_wconf 86' lang='lat' dir='ltr'><strong>amieos,</strong></span> <span class='ocrx_word' id='word_1_240' title='bbox 771 2819 874 2897; x_wconf 79' lang='lat' dir='ltr'><strong>quod</strong></span> <span class='ocrx_word' id='word_1_241' title='bbox 902 2827 1012 2895; x_wconf 88' lang='lat' dir='ltr'><strong>tu[te]</strong></span> <span class='ocrx_word' id='word_1_242' title='bbox 1041 2837 1165 2897; x_wconf 87' lang='lat' dir='ltr'><strong>agere</strong></span> 
     </span>
     <span class='ocr_line' id='line_1_32' title="bbox 775 2903 971 2981; baseline -0.015 -13"><span class='ocrx_word' id='word_1_243' title='bbox 775 2903 971 2981; x_wconf 73' lang='lat' dir='ltr'><strong>possirers.</strong></span> 
     </span>
    </p>
   </div>
   <div class='ocr_carea' id='block_1_3' title="bbox 588 3071 683 3133">
    <p class='ocr_par' dir='ltr' id='par_1_3' title="bbox 588 3071 683 3133">
     <span class='ocr_line' id='line_1_33' title="bbox 588 3071 683 3133; baseline -0.011 0"><span class='ocrx_word' id='word_1_244' title='bbox 588 3071 683 3133; x_wconf 88' lang='lat' dir='ltr'>XXX.</span> 
     </span>
    </p>
   </div>
   <div class='ocr_carea' id='block_1_4' title="bbox 117 3200 1161 3359">
    <p class='ocr_par' dir='ltr' id='par_1_4' title="bbox 117 3200 1161 3359">
     <span class='ocr_line' id='line_1_34' title="bbox 117 3200 1161 3274; baseline 0.001 -18"><span class='ocrx_word' id='word_1_245' title='bbox 117 3200 190 3270; x_wconf 84' lang='lat' dir='ltr'><strong>Quid</strong></span> <span class='ocrx_word' id='word_1_246' title='bbox 207 3203 388 3260; x_wconf 85' lang='lat' dir='ltr'><strong>obseruatum</strong></span> <span class='ocrx_word' id='word_1_247' title='bbox 400 3202 476 3257; x_wconf 87' lang='lat' dir='ltr'><strong>sitin</strong></span> <span class='ocrx_word' id='word_1_248' title='bbox 488 3203 627 3258; x_wconf 89' lang='lat' dir='ltr'><strong>undarum</strong></span> <span class='ocrx_word' id='word_1_249' title='bbox 644 3203 780 3271; x_wconf 85' lang='lat' dir='ltr'><strong>motibus,</strong></span> <span class='ocrx_word' id='word_1_250' title='bbox 797 3218 869 3274; x_wconf 87' lang='lat' dir='ltr'><strong>quae</strong></span> <span class='ocrx_word' id='word_1_251' title='bbox 881 3203 910 3257; x_wconf 93' lang='lat' dir='ltr'><strong>in</strong></span> <span class='ocrx_word' id='word_1_252' title='bbox 921 3203 993 3259; x_wconf 86' lang='lat' dir='ltr'><strong>mari</strong></span> <span class='ocrx_word' id='word_1_253' title='bbox 1006 3203 1061 3260; x_wconf 92' lang='lat' dir='ltr'><strong>alio</strong></span> <span class='ocrx_word' id='word_1_254' title='bbox 1075 3207 1161 3274; x_wconf 80' lang='lat' dir='ltr'><strong>alque</strong></span> 
     </span>
     <span class='ocr_line' id='line_1_35' title="bbox 243 3285 1035 3359; baseline 0.001 -18"><span class='ocrx_word' id='word_1_255' title='bbox 243 3286 297 3342; x_wconf 85' lang='lat' dir='ltr'><strong>alio</strong></span> <span class='ocrx_word' id='word_1_256' title='bbox 319 3285 404 3342; x_wconf 92' lang='lat' dir='ltr'><strong>modo</strong></span> <span class='ocrx_word' id='word_1_257' title='bbox 419 3286 489 3342; x_wconf 88' lang='lat' dir='ltr'><strong>fiunt</strong></span> <span class='ocrx_word' id='word_1_258' title='bbox 510 3288 612 3343; x_wconf 85' lang='lat' dir='ltr'><strong>austris</strong></span> <span class='ocrx_word' id='word_1_259' title='bbox 635 3285 767 3342; x_wconf 84' lang='lat' dir='ltr'><strong>flantibus</strong></span> <span class='ocrx_word' id='word_1_260' title='bbox 792 3288 1035 3359; x_wconf 88' lang='lat' dir='ltr'><strong>aquilonibusque.</strong></span> 
     </span>
    </p>
   </div>
   <div class='ocr_carea' id='block_1_5' title="bbox 85 3407 1162 3568">
    <p class='ocr_par' dir='ltr' id='par_1_5' title="bbox 85 3407 1162 3568">
     <span class='ocr_line' id='line_1_36' title="bbox 85 3407 1162 3484; baseline 0 -16"><span class='ocrx_word' id='word_1_261' title='bbox 85 3415 99 3467; x_wconf 90' lang='lat'><em>1</em></span> <span class='ocrx_word' id='word_1_262' title='bbox 178 3411 211 3479; x_wconf 90' lang='lat'><strong>[.</strong></span> <span class='ocrx_word' id='word_1_263' title='bbox 226 3449 234 3466; x_wconf 93' lang='lat'><strong>.</strong></span> <span class='ocrx_word' id='word_1_264' title='bbox 248 3450 256 3466; x_wconf 93' lang='lat'><strong>.</strong></span> <span class='ocrx_word' id='word_1_265' title='bbox 270 3452 277 3466; x_wconf 99' lang='lat'><strong>.</strong></span> <span class='ocrx_word' id='word_1_266' title='bbox 289 3413 300 3480; x_wconf 95' lang='lat'>]</span> <span class='ocrx_word' id='word_1_267' title='bbox 313 3407 374 3469; x_wconf 87' lang='lat' dir='ltr'><strong>hoe</strong></span> <span class='ocrx_word' id='word_1_268' title='bbox 389 3424 615 3484; x_wconf 83' lang='lat' dir='ltr'><strong>saepenumero</strong></span> <span class='ocrx_word' id='word_1_269' title='bbox 634 3408 665 3468; x_wconf 92' lang='lat' dir='ltr'><strong>in</strong></span> <span class='ocrx_word' id='word_1_270' title='bbox 678 3408 830 3470; x_wconf 88' lang='lat' dir='ltr'><strong>undarum</strong></span> <span class='ocrx_word' id='word_1_271' title='bbox 848 3417 950 3481; x_wconf 90' lang='lat' dir='ltr'><strong>motu,</strong></span> <span class='ocrx_word' id='word_1_272' title='bbox 977 3425 1055 3484; x_wconf 87' lang='lat' dir='ltr'><strong>quas</strong></span> <span class='ocrx_word' id='word_1_273' title='bbox 1074 3407 1162 3484; x_wconf 85' lang='lat' dir='ltr'><strong>aqui-</strong></span> 
     </span>
     <span class='ocr_line' id='line_1_37' title="bbox 116 3490 1161 3568; baseline 0.003 -19"><span class='ocrx_word' id='word_1_274' title='bbox 116 3490 208 3550; x_wconf 91' lang='lat' dir='ltr'><strong>lones</strong></span> <span class='ocrx_word' id='word_1_275' title='bbox 226 3490 311 3551; x_wconf 90' lang='lat' dir='ltr'><strong>uenti</strong></span> <span class='ocrx_word' id='word_1_276' title='bbox 332 3491 446 3568; x_wconf 89' lang='lat' dir='ltr'><strong>quique</strong></span> <span class='ocrx_word' id='word_1_277' title='bbox 464 3509 503 3553; x_wconf 90' lang='lat' dir='ltr'><strong>ex</strong></span> <span class='ocrx_word' id='word_1_278' title='bbox 524 3493 632 3554; x_wconf 86' lang='lat' dir='ltr'><strong>eadem</strong></span> <span class='ocrx_word' id='word_1_279' title='bbox 650 3491 726 3552; x_wconf 85' lang='lat' dir='ltr'><strong>caeli</strong></span> <span class='ocrx_word' id='word_1_280' title='bbox 743 3492 870 3568; x_wconf 88' lang='lat' dir='ltr'><strong>regione</strong></span> <span class='ocrx_word' id='word_1_281' title='bbox 883 3509 937 3553; x_wconf 86' lang='lat' dir='ltr'><strong>aer</strong></span> <span class='ocrx_word' id='word_1_282' title='bbox 949 3491 1030 3566; x_wconf 86' lang='lat' dir='ltr'><strong>fluit,</strong></span> <span class='ocrx_word' id='word_1_283' title='bbox 1055 3498 1161 3568; x_wconf 80' lang='lat' dir='ltr'><strong>[quas</strong></span> 
     </span>
    </p>
   </div>
   <div class='ocr_carea' id='block_1_6' title="bbox 0 0 1236 3908">
    <p class='ocr_par' dir='ltr' id='par_1_6' title="bbox 0 0 1236 3908">
     <span class='ocr_line' id='line_1_38' title="bbox 0 0 1236 3908; baseline 0 0"><span class='ocrx_word' id='word_1_284' title='bbox 0 0 1236 3908; x_wconf 95' lang='lat' dir='ltr'><strong> </strong></span> 
     </span>
    </p>
   </div>
  </div>
 </body>
</html>
