2456 3918
158 219 199 284 52
638 220 658 276 Ι.
682 235 724 276 ιιι.

160 391 199 449 ad
212 389 343 448 salutem
355 386 562 461 uirtutemque
575 383 677 461 aptius
689 383 763 456 rati,
788 399 881 458 quarn
899 382 926 442 si
937 381 1100 458 permulcti
1112 381 1204 442 sonis

133 482 150 535 3
162 471 334 533 mitioribus
348 487 409 531 non
421 469 576 530 inmodice
588 467 763 528 ferocirent.
810 468 884 528 Cum
906 465 1086 544 procinctae
1109 465 1206 541 igitur

159 559 277 617 classes
297 560 385 615 erant
403 560 434 614 et
450 554 601 614 instructa
620 552 703 612 acies
721 557 928 626 coeptumque
945 549 975 611 in
993 550 1118 610 hostem
1129 567 1205 626 pro-

158 641 260 717 gredi,
288 638 426 700 tibicines
449 638 529 697 inter
552 637 719 698 exercitum
743 634 836 712 positi
859 651 972 694 canere
990 633 1204 710 inceptabant.

130 737 147 785 e
158 728 202 786 Ea
214 724 256 784 ibi
267 722 487 799 praecentione
499 721 663 798 tranquilia
674 729 705 781 et
715 719 884 780 uenerabiii
896 719 935 779 ad
948 719 1104 796 quandam
1112 719 1206 794 quasi

158 809 294 870 militaris
307 806 642 882 musicaedisciplinam
653 805 745 866 uist
715 822 731 865 e
733 805 888 881 timpetus
900 803 1037 876 miiitum,
1045 819 1085 863 ne
1099 805 1206 879 sparsi

132 906 147 955 ο
161 892 364 969 dispalatique
377 897 576 967 proruerent,
549 890 802 951 tcohibebatur.
835 888 917 950 Sed'
910 887 1008 965 ipsius
1019 887 1100 949 iilius
1114 905 1206 963 egre-

157 975 198 1053 gii
209 976 369 1052 scriptoris
380 983 414 1036 ut
401 976 539 1037 tiuerbis
552 976 626 1036 libet
627 991 724 1074 ,quae
736 981 767 1034 et
778 973 874 1049 dignit
875 980 924 1034 ate
936 980 967 1034 et
978 973 1040 1033 iide
1052 973 1207 1048 grauiora

159 1067 245 1122 sunt:
280 1053 478 1138 Keriparon
507 1046 988 1158 τανταηξννοδοςην
1020 1049 1208 1135 Ἀργεῖοι

157 1165 230 1224 μεν
258 1139 324 1204 καὶ
353 1142 393 1206 oi
417 1139 626 1242 σύμμαχοι
658 1138 837 1216 ἐντόνως
865 1138 932 1204 καὶ
966 1132 1095 1223 ὀρ[ν]ῆ
1125 1161 1208 1238 χω-

158 1229 349 1327 ροῦντες,
388 1221 717 1327 Λακεδαιμόνιοι
746 1223 789 1290 δὲ
816 1223 1002 1326 βραδέως
1031 1203 1146 1287 καὶθ
1121 1217 1207 1287 υπό

158 1304 346 1391 αὐλητῶν
384 1313 569 1409 πολλῶν,
612 1307 733 1417 νόμῳ
761 1304 1109 1413 ἐγκαθεστιότων,
1158 1331 1207 1371 ον

158 1400 231 1458 τοῦ
261 1398 386 1459 θείου
422 1391 562 1477 χάριν,
603 1388 786 1459 ἀλλ’ἵνα
815 1388 986 1504 ὁμαλοῖς
1001 1387 1103 1476 μετὰ
1135 1393 1207 1478 ῥυ-

157 1485 268 1562 duod
291 1482 511 1582 βαίνοντες
532 1481 816 1582 προσέλθοιεν
838 1477 905 1543 καὶ
937 1475 1009 1579 μὴ
1024 1479 1207 1543 διασπα-

159 1567 283 1645 caste
313 1558 455 1640 αὐτοῖς
487 1557 508 1648 ἡ
536 1562 663 1642 τάξις·
700 1559 799 1645 ὅπερ
829 1567 946 1647 φιλεῖ
969 1586 1014 1627 τα
1043 1560 1208 1645 μεγάλα

158 1645 417 1730 στρατόπεδα
440 1647 483 1712 ἐν
504 1659 592 1725 ταῖς
613 1646 838 1728 προσόδοις
860 1658 1006 1712 ποιεῖν.

132 1812 149 1866 6
214 1804 377 1864 Cretenses
392 1821 518 1880 quoque
529 1802 647 1881 proelia
657 1803 778 1879 ingredi
790 1803 899 1864 solitos
912 1802 1082 1862 memoriae
1095 1803 1207 1863 datum

135 1898 150 1954 7
164 1892 212 1947 est
222 1887 420 1962 praecinente
433 1903 468 1948 ac
480 1887 737 1965 praemoderante
749 1888 865 1948 cithara
875 1886 1048 1962 gressibus.
1093 1889 1207 1964 Alyat-

158 1978 206 2030 tos
229 1978 347 2045 autern,
370 1989 426 2032 rex
448 1980 550 2034 terrae
560 1972 692 2050 Lydiae,
716 1989 802 2033 more
824 1981 917 2046 atque
938 1973 1013 2032 luxu
1034 1971 1208 2032 barbarico

158 2056 332 2130 praeditus,
358 2073 426 2116 cum
439 2058 551 2117 beilum
563 2056 690 2117 Milesiis
710 2058 839 2128 iaceret,
862 2062 897 2116 ut
914 2055 1148 2117 Herodotus
1173 2058 1208 2116 in

158 2139 339 2200 historiis
352 2140 459 2212 tradit,
473 2140 673 2201 concinentes
685 2140 790 2201 habuit
802 2135 991 2201 fistulatores
1005 2146 1036 2201 et
1047 2139 1208 2209 fidicines,

159 2227 252 2296 atque
271 2222 399 2283 seminas
419 2224 509 2283 etiam
527 2224 668 2284 tibicinas
688 2225 717 2284 in
737 2225 874 2286 exercitu
886 2231 980 2300 atque
992 2223 1022 2283 in
1035 2223 1210 2300 procinctu

129 2305 284 2379 aborruit,
319 2307 543 2368 lasciuientium
576 2307 702 2369 delicias
737 2308 961 2369 conuiuiorum.
1018 2308 1084 2370 Sed
1123 2311 1210 2370 enim

157 2391 302 2450 Achaeos
325 2391 518 2453 Homerus
541 2408 675 2468 pugnam
697 2392 840 2468 indipisci
863 2393 904 2452 ait
921 2410 983 2452 non
1004 2392 1210 2454 fidicularum

157 2473 377 2550 tibiarumque,
402 2476 458 2537 sed
476 2477 622 2537 mentium
640 2477 874 2553 animorumque
896 2485 1049 2538 concentu
1075 2479 1209 2554 conspi-

157 2565 288 2634 ratuque
309 2559 402 2621 tacito
427 2560 620 2622 nitibundos:

202 2673 252 2736 Οἱ
271 2666 304 2737 d’
328 2667 390 2756 ἄρ’
408 2677 504 2737 ἴσαν
526 2677 622 2761 σιγῇ
644 2675 771 2756 μένεα
792 2670 1209 2758 πνείοντεςἏχαιοί,

196 2765 255 2835 Ἐν
275 2776 395 2860 θυμῷ
415 2768 843 2858 μεμαώτεςοίλεξέμεν
865 2769 1126 2858 ἀλλήλοισιν.

131 2927 148 2981 9
223 2911 300 2988 Quid
318 2911 367 2973 iile
385 2915 451 2974 uult
461 2911 695 2975 ardentissimus
708 2917 824 2976 clamor
835 2913 962 2976 militum
973 2917 1212 2996 Romanorum,

160 3013 252 3073 quem
263 2997 294 3057 in
307 2997 527 3073 congressibus
539 2997 727 3074 proeliorum
740 2999 806 3059 fieri
819 2999 943 3060 solitum
961 2999 1140 3077 scriptores
1154 3018 1212 3061 an-

156 3081 271 3142 nalium
293 3084 525 3144 memorauere?
570 3089 718 3143 contrane
739 3083 910 3145 institutum
934 3083 1028 3144 fiebat
1050 3085 1212 3160 antiquae

158 3165 339 3242 disciplinae
350 3174 412 3227 tam
424 3167 606 3243 probabile?
625 3185 664 3228 an
675 3173 740 3228 turn
753 3175 783 3229 et
794 3170 893 3244 gradu
907 3168 1050 3229 clementi
1063 3175 1096 3229 et
1110 3171 1212 3232 silen-

156 3250 199 3312 tio
214 3251 263 3312 est
275 3269 364 3328 opus
379 3269 448 3312 curn
461 3253 500 3312 ad
511 3253 633 3313 hostem
644 3251 704 3313 itur
714 3252 745 3315 in
759 3261 929 3330 conspectu
941 3253 1116 3330 longinquo
1130 3274 1211 3330 pro-

159 3336 207 3398 cul
220 3335 392 3409 distantem,
405 3353 475 3396 cum
486 3353 561 3397 uero
574 3354 673 3414 prope
685 3340 725 3400 ad
736 3354 845 3400 manus
856 3346 983 3400 uentum
996 3344 1054 3413 est,
1063 3345 1131 3400 tum
1143 3339 1213 3400 iam

159 3420 367 3564 epffpinqu?
386 3419 485 3482 hostis
505 3420 661 3498 etimpetu
678 3424 910 3499 propulsandus
929 3428 959 3484 et
978 3423 1119 3484 clamore
1141 3431 1214 3484 ter-

96 3555 100 3561 .
159 3521 213 3564 ren
237 3525 274 3566 us
297 3514 360 3567 est.
