2490 3926
516 225 593 286 Lvr.
1035 226 1077 292 45

52 406 181 466 rereque;
204 395 255 450 set
272 395 382 450 contra
398 388 429 450 in
440 389 472 451 id
482 391 586 467 potius
599 393 771 456 orationem
784 394 931 456 debuisse
942 396 1022 458 sumi
1033 397 1077 458 di·

52 477 160 546 cebant,
177 479 211 534 ut
224 480 256 534 et
267 475 366 535 nullas
381 476 564 552 plerumque
576 493 647 538 esse
659 478 689 538 in
702 477 903 540 matrimoniis
916 481 1076 542 molestias

50 562 236 620 adseueraret
253 564 298 631 et,
317 557 344 618 si
363 575 442 634 quae
458 566 560 621 tamen
583 561 725 623 accidere
742 579 974 639 nonnumquam
992 565 1077 625 uide-

48 651 155 716 rentur,
172 659 288 720 paruas
302 648 332 702 et
344 643 430 703 leues
442 643 611 722 facilesque
624 663 696 708 esse
707 649 840 708 toleratu
853 647 970 708 diceret
984 649 1077 709 maio-

48 729 183 804 ribusque
196 739 251 787 eas
263 728 478 790 emolumentis
496 736 527 789 et
538 730 749 807 uoluptatibus
765 730 921 792 obliterari
936 732 1077 793 easdem·
1102 757 1105 767 =

48 829 100 889 que
115 813 197 889 ipsas
214 827 318 886 neque
337 811 478 874 omnibus
501 830 604 890 neque
622 822 749 876 naturae
761 815 851 887 uitio,
874 820 924 877 set
942 833 1076 892 quorun·

45 901 109 957 dam
130 894 308 956 maritorum
325 897 416 972 culpa
441 903 472 958 et
491 896 639 960 iniustitia
659 899 794 960 euenire.
838 899 949 962 Titus
973 907 1100 966 auteml

46 979 250 1043 Castricius
262 985 347 1040 recte
359 987 451 1056 atque
463 981 617 1059 condigne
634 985 829 1045 Metellum
846 999 918 1046 esse
939 986 1075 1046 locutum

43 1064 240 1128 existimabat.
282 1063 426 1141 totitem,
450 1065 564 1142 inquit,
589 1073 721 1130 ‘censor
742 1068 828 1144 loqui
851 1069 958 1142 debet,
989 1070 1076 1129 aliter

45 1154 151 1213 rhetor.
170 1225 174 1234 ¹
188 1148 317 1212 Rhetori
329 1165 516 1212 concessum
534 1159 599 1225 est,
611 1152 771 1214 sententiis
783 1152 827 1213 uti
841 1152 941 1226 lalsis,
954 1152 1076 1214 audaci-

43 1239 111 1310 bus,
124 1233 274 1307 uersutis,
293 1233 449 1308 subdolis,
462 1235 626 1312 captiosiS,
648 1236 675 1297 si
691 1235 757 1298 ueri
775 1237 869 1298 modo
885 1236 1000 1299 similes
1016 1237 1077 1299 sint

43 1330 69 1382 et
80 1317 200 1398 possint
217 1319 391 1380 monendos
411 1319 568 1382 hominum
583 1320 701 1382 animos
721 1320 936 1397 qualicumque
951 1328 1021 1382 astu
1033 1321 1076 1382 in-

42 1409 172 1483 repere'.
206 1404 371 1465 Praeterea
387 1409 477 1480 turpe
496 1421 567 1468 esse
585 1404 626 1466 ait
647 1404 777 1478 rhetori,
801 1405 829 1466 si
849 1406 921 1481 quid
943 1406 974 1466 in
996 1408 1077 1467 mala

43 1507 131 1551 causa
143 1487 322 1550 destitutum
334 1493 427 1564 atque
437 1488 699 1566 inpropugnatum
711 1489 873 1565 relinquat.
899 1489 1099 1556 ‘Sedenimt

41 1574 249 1636 Metellum’
269 1571 368 1648 inquit
389 1577 554 1636 ‘sanetum
573 1573 690 1647 uirum,
712 1574 764 1634 illa
786 1573 936 1650 grauitate
959 1581 990 1635 et
1014 1575 1075 1634 fide

42 1657 222 1735 praeditum,
246 1673 316 1718 cum
339 1663 423 1718 tanta
444 1659 597 1720 honorum
616 1665 709 1736 atque
724 1658 807 1719 uitae
830 1657 977 1734 dignitate
1002 1665 1077 1735 aput

42 1745 184 1820 populum
190 1744 364 1804 Romanum
374 1744 562 1817 loquentem,
573 1741 646 1804 nihil
658 1742 761 1804 decuit
774 1741 848 1803 aliut
857 1741 970 1816 dicere,
984 1759 1076 1818 quam

43 1829 120 1903 quod
136 1843 248 1888 uerum
266 1843 339 1887 esse
356 1825 414 1887 sibi
432 1833 525 1904 atque
538 1827 679 1890 omnibus
692 1828 869 1899 uidebatur,
894 1827 1077 1903 praesertim

42 1929 105 1972 cum
116 1928 213 1988 super
226 1927 308 1972 eane
320 1909 451 1985 diceret,
472 1927 553 1987 quae
565 1911 720 1974 cotidiana
731 1909 939 1986 intellegentia
951 1917 982 1971 et
994 1926 1076 1970 cortr-

41 1996 117 2056 muni
127 1997 377 2073 peruolgatoque
388 1994 470 2055 uitae
487 2013 548 2058 usu
560 1996 843 2072 comprenderetur.
876 1993 1099 2061 Demolestiao

40 2080 124 2154 igitur
141 2079 263 2141 cunctis
281 2078 456 2141 hominibus
474 2079 636 2142 notissima
653 2081 819 2143 confessus
838 2094 937 2153 eaque
955 2079 1075 2139 confes-

42 2163 120 2224 sione
131 2164 228 2224 fidem
243 2163 413 2225 sedulitatis
425 2163 626 2241 ueritatisque
638 2163 851 2238 commeritus,
864 2168 929 2223 tum
942 2162 1076 2240 denique

42 2249 121 2310 facile
133 2255 165 2310 et
180 2247 376 2326 procliuiter,
396 2249 482 2326 quod
503 2249 559 2310 luit
577 2265 679 2311 rerum
697 2248 833 2312 omnium
850 2247 1076 2308 ualidissimum

41 2339 124 2409 atque
141 2333 356 2405 uerissimum‚
377 2333 549 2410 persuasit,
573 2333 728 2396 ciuitatem
746 2340 848 2394 autem
866 2333 985 2393 saluam
1004 2348 1076 2393 esse

42 2417 99 2478 sine
109 2417 379 2480 matrimoniorum
391 2419 565 2494 frequentia
575 2435 638 2479 non
648 2423 777 2496 posse'.

94 2505 164 2566 Hoc
188 2519 317 2580 quoque
339 2503 413 2565 aliut
434 2520 479 2564 ex
502 2505 633 2564 eadem
657 2502 840 2563 oratione
863 2501 897 2576 Q.
923 2500 1099 2560 Metelli?

41 2585 160 2662 dignum
172 2603 246 2648 esse
263 2587 506 2649 existimauimus
524 2588 654 2649 adsidua
670 2586 802 2648 lectione
825 2602 888 2646 non
902 2585 1006 2645 hercle
1026 2585 1077 2644 mi-

42 2687 106 2744 nus,
127 2689 223 2748 quam
236 2671 550 2748 quaeagrauissimis
561 2670 755 2748 philosophis
769 2669 883 2731 scribta
895 2675 977 2729 sunt.
999 2671 1102 2729 Ver-8

40 2753 233 2817 ballietelli
249 2757 424 2818 haecsunt:
446 2756 489 2817 Di
504 2755 746 2835 immortales
763 2753 971 2830 plurimum
988 2769 1078 2829 pos-

42 2848 134 2914 sunt3
158 2842 230 2902 sed
250 2857 324 2902 non
345 2845 435 2918 plus
454 2842 559 2902 uelle
575 2839 691 2902 nobis
713 2841 870 2912 debent,
890 2853 999 2914 quam
1014 2855 1078 2914 pa·

42 2932 176 2986 rentes.
222 2927 272 2988 At
299 2933 503 3002 parentes,
532 2925 564 2986 si
593 2931 760 3003 pergunt
788 2922 906 2984 liberi
928 2939 1077 2996 errare,

42 3005 148 3070 bonis
173 3011 434 3073 exheredant.
470 3010 565 3088 Quid
592 3027 684 3088 ergo
708 3026 779 3070 nos
803 3007 903 3070 adis
925 3006 1078 3071 immor-

41 3092 179 3156 talibus
204 3094 353 3156 diutius
376 3103 646 3173 expectemus,
676 3093 755 3156 nisi
777 3093 886 3155 malis
911 3093 1079 3154 rationi·

41 3173 103 3237 bus
129 3177 246 3240 linem
269 3178 479 3242 iaciamus?
502 3181 627 3242 Isdem
650 3181 745 3241 deos
768 3175 971 3256 propitios
990 3193 1078 3239 esse

41 3274 169 3324 aecum
193 3270 271 3338 est,
296 3265 359 3341 qui
378 3265 451 3328 sibi
467 3263 692 3328 aduersarii
714 3268 909 3325 non'sunt.
935 3261 994 3324 Dii
1011 3261 1078 3323 im-

41 3348 221 3482 gnortales
244 3347 429 3412 uirtutem
451 3349 688 3428 adprobare,
714 3364 788 3412 non
810 3345 989 3409 athibere
1013 3346 1079 3408 de·

64 3436 134 3490 eut.
