2456 3918
134 195 176 259 ta
553 196 575 255 l.
588 211 661 256 xxv.
673 211 759 256 xxvi

134 362 281 437 uocibuS,
300 362 389 439 quasi
404 379 461 439 per
473 363 627 439 quendam
640 359 753 424 coitum
766 369 796 422 ct
814 363 956 437 copulam
967 378 1080 422 nornen
1094 360 1183 424 indu·

134 448 244 509 tiarum
257 464 410 509 conexum
422 455 479 509 ost.

95 534 127 590 17
196 530 381 595 Aurelius
409 538 511 593 autem
536 531 703 606 opilius,
739 530 776 592 in
809 530 932 605 primo
971 530 1184 602 librorum,

135 634 215 694 quos
239 618 431 679 Musarum
453 614 625 690 inscripsit:
655 615 842 682 indutiae,
856 614 1184 691 inquitdiountur,

136 704 360 765 cumhosles
379 702 477 762 inter
492 715 579 760 sese
594 697 784 773 utrimque
799 703 964 771 utroque
979 698 1117 771 alter[i]
1141 697 1186 757 ad

135 789 288 847 alteros
310 784 454 858 inpune
472 791 508 843 et
526 783 610 843 sine
632 799 761 858 pugna
781 784 925 844 ineunt.
954 783 1046 842 inde
1063 784 1184 852 adeo,

135 870 248 946 inquit,
271 884 408 930 nomen
426 869 568 928 lactum
590 867 761 939 uidetur,
780 866 895 943 quasi
916 864 1185 940 in[d]ui[ti]ae‚
1222 885 1223 930 t

95 957 205 1020 18hoc
226 959 287 1015 est
313 952 433 1014 initus
455 958 573 1028 atque
599 950 803 1013 introitus.
852 952 921 1012 Hoc
949 951 987 1010 ab
1012 949 1185 1011 Aurelio
1222 985 1223 1014 i

137 1037 286 1114 scriptum
309 1044 478 1113 propterea
493 1053 556 1098 non
572 1035 731 1110 praeterii,
750 1051 790 1096 ne
811 1035 860 1096 cui
876 1036 984 1096 harum
1006 1033 1186 1096 noctium

138 1124 258 1184 aemulo
271 1137 309 1183 eo
322 1127 440 1183 tantum
452 1119 577 1183 nomine
590 1120 761 1196 elegantius
777 1119 809 1180 id
826 1119 999 1192 uideretur,
1019 1126 1186 1195 tamquam

137 1207 169 1268 id
180 1224 239 1269 nos
256 1204 403 1283 originem
414 1205 504 1268 uerbi
513 1205 707 1280 requirentes
722 1205 862 1280 fugisset.

603 1370 713 1436 XXVI.

139 1498 228 1565 Quem
245 1497 274 1552 in
295 1497 410 1552 modum
431 1497 499 1552 mihi
519 1497 629 1553 Taurus
652 1495 841 1566 philosophus
863 1495 1043 1568 responderit
1064 1509 1189 1566 percon-

426 1583 509 1651 tanti,
529 1599 565 1637 an
578 1582 693 1653 sapiens
706 1582 885 1636 irasceretur.

114 1724 129 1777 1
197 1711 388 1787 Interrogaui
399 1710 429 1771 in
442 1710 571 1771 diatriba
583 1711 763 1781 Taurum,
786 1725 825 1768 an
837 1706 962 1782 sapiens
982 1707 1189 1768 irasceretur.

114 1796 236 1858 allebat
247 1795 327 1857 enim
340 1812 435 1871 saepe
446 1801 520 1870 post
531 1794 702 1855 cotidianas
722 1793 873 1854 lectiones
892 1791 1077 1868 quaerendi,
1097 1791 1190 1867 quod

115 1880 208 1956 aquis
218 1883 320 1954 uellet,
328 1886 524 1956 potestatem.
547 1881 576 1940 ls
589 1895 659 1940 cum
670 1877 868 1954 grauiter[et]
878 1876 1006 1952 copiose
1019 1876 1058 1936 de
1070 1876 1188 1936 morbo

140 1965 294 2028 allectuuc
306 1965 370 2025 irae
382 1964 598 2036 disseruisset,
636 1979 716 2037 quae
741 1968 771 2022 et
792 1961 823 2020 in
843 1968 984 2021 ueterum
1001 1957 1085 2019 libris
1105 1967 1142 2020 et
1161 1961 1191 2019 in

139 2050 237 2127 ipsius
250 2051 477 2112 commentariis
489 2046 632 2124 exposita
647 2054 728 2122 sunt,
739 2045 891 2108 conuertit
903 2046 942 2106 ad
954 2061 1012 2115 mc,
1027 2043 1079 2119 qui
1090 2042 1190 2104 inter-

140 2149 323 2208 rogaueram
341 2139 372 2192 et
394 2132 490 2192 ‘haec
505 2135 592 2206 ego’,
615 2129 728 2207 inquit,
753 2134 868 2204 ‘super
884 2128 1048 2190 irascendo
1069 2128 1190 2188 sentio.

117 2215 213 2288 tsed
227 2216 301 2292 quid
316 2222 346 2276 et
356 2216 587 2277 Plutarchus
598 2220 716 2289 noster,
728 2213 776 2275 uir
787 2213 986 2275 doctissimus
998 2228 1035 2272 ac
1048 2213 1192 2287 pruden-

116 2299 293 2373 5tissimus,
306 2300 450 2373 senserit,
470 2317 533 2362 non
545 2300 584 2360 ab
594 2316 628 2360 re
640 2305 702 2373 est,
714 2306 749 2360 ut
760 2298 793 2358 id
805 2314 931 2375 quoque
944 2296 1064 2359 audias.
1094 2296 1192 2356 Plu·

139 2385 330 2458 tarchus’‚
350 2383 457 2460 inquit,
470 2390 576 2446 ‘seruo
588 2401 662 2457 suo,
674 2399 808 2461 nequam
823 2381 940 2444 homini
951 2389 982 2443 et
997 2380 1191 2452 contumaci,

141 2469 198 2528 sed
214 2468 298 2529 libris
316 2468 639 2544 disputationibusque
656 2467 871 2544 philosophiae
890 2484 981 2528 aures
993 2466 1122 2528 inbutas
1136 2467 1193 2525 ha-

140 2552 234 2626 benti,
245 2553 380 2614 tunicam
391 2554 511 2614 detrahi
523 2555 563 2616 ob
575 2553 682 2614 nescio
696 2553 782 2628 quod
793 2552 938 2614 delictum
948 2550 1102 2626 caedique
1116 2567 1194 2611 eum
1221 2569 1222 2634 j

115 2639 207 2699 tiloro
229 2638 328 2699 iussit.
362 2639 514 2715 Coeperat
532 2637 691 2699 uerberari
709 2644 740 2697 et
766 2637 1008 2714 obloquebatur,
1037 2652 1104 2697 non
1125 2651 1222 2710 mel

118 2727 134 2782 7
141 2739 256 2798 ruisse
274 2729 309 2783 ut
328 2725 470 2798 accolet,
492 2722 564 2782 nihil
584 2721 669 2794 mali,
686 2720 760 2781 nihil
776 2722 903 2784 sceleris
917 2719 1093 2782 admisisse.
1130 2720 1222 2780 Pol

141 2813 255 2867 stremo
267 2806 452 2868 uociferari
444 2815 524 2868 mter
534 2806 763 2880 uapulandum
754 2806 876 2880 incipit
895 2822 998 2882 neque
1009 2820 1070 2864 ram
1082 2803 1222 2898 queri
1221 2801 1222 2836 l

140 2891 259 2952 monias
276 2898 330 2952 aut
345 2892 476 2968 gemitus
495 2891 688 2966 eiulatusque
706 2892 823 2963 lacere,
848 2891 907 2951 sed
924 2891 1021 2951 uerba
1047 2888 1134 2950 seria
1160 2894 1194 2948 et
1221 2863 1222 2974 i

141 2974 364 3051 obiurgatoris:
388 2995 450 3038 non
472 2976 514 3036 ita
530 2993 603 3037 esse
618 2975 879 3048 Plutarchum,
905 2981 940 3037 ut
962 2973 1194 3049 philosophum

140 3059 301 3132 decerets
293 3059 385 3122 irasci
396 3067 487 3136 urpe
499 3077 587 3134 esse
606 3076 701 3134 saepe
713 3076 784 3120 eum
797 3060 836 3119 de
847 3058 948 3121 malo
941 3075 1005 3119 rrae
1017 3057 1194 3118 edisserta

139 3143 240 3218 uisse,
264 3143 400 3205 librum
424 3160 551 3221 quoque
578 3139 673 3222 περὶ
694 3135 920 3224 ἆοργησίας
942 3141 1196 3219 pulcherrimum

141 3226 384 3303 conscripsisse3
397 3228 444 3289 his
462 3227 604 3289 omnibus
612 3245 713 3304 quae
724 3247 755 3290 m
771 3245 809 3290 eo
821 3227 899 3290 libro
912 3227 1029 3302 scripta
1040 3226 1119 3300 sint
1134 3242 1195 3286 ne-

142 3328 296 3388 quaquam
318 3312 501 3385 conuenire,
528 3311 613 3386 quod
638 3315 786 3386 prouolu
786 3330 824 3374 us
847 3310 1060 3388 effususque
1051 3329 1083 3371 m
1108 3311 1196 3371 iram

115 3396 276 3471 eplurimis
295 3414 330 3458 se
347 3396 445 3472 plagis
462 3397 615 3457 multaret.
648 3397 724 3457 Tum
740 3399 972 3459 Plutarchus
991 3398 1075 3456 lente
1093 3403 1126 3456 ct
1145 3395 1196 3454 le-

139 3479 232 3542 niter:
256 3481 348 3556 <quid
365 3485 495 3554 autem’,
517 3479 628 3554 inquit,
653 3481 821 3554 ‘uerbero,
844 3498 925 3542 nunc
942 3497 1000 3557 ego
1018 3479 1072 3541 tihi
1091 3478 1197 3543 irasci
