2456 3918
389 217 425 276 ll.
443 233 545 278 xxmr.
562 235 636 278 xxv.
977 219 1037 284 10³

41 385 148 446 lamilam
159 385 378 463 pecuniamque
391 401 479 446 suam
497 391 666 460 [cenarum]
684 385 948 464 prandiorumque
968 406 1038 466 gur-

39 469 326 547 gitibusproluisscnt,
345 471 444 545 legem
456 465 496 530 ad
507 472 657 547 populum
670 471 750 545 tulit,
771 488 833 547 qua
844 479 967 533 cautum
979 481 1036 547 cst,

38 553 205 628 utllalendis‚
228 553 348 628 idibus,
371 551 466 615 Nonis
480 552 653 630 diebusque
671 556 815 617 ludorum
832 562 864 616 et
876 555 960 617 feriis
973 557 1037 633 qui·

37 637 140 698 busdam
152 637 349 700 sollemnibus
368 637 530 700 sestertios
550 638 766 712 tricen[ten]os
785 639 815 701 in
835 656 944 701 cenam
956 639 1038 702 insu·

37 739 97 782 mere
115 722 155 784 ius
175 728 378 799 potestasque
401 729 501 795 essct,
527 723 638 784 ceteris
656 731 758 785 autem
771 723 880 785 dicbus
894 722 1038 786 omnibus

38 823 81 865 non
91 805 205 882 amplius
217 805 366 867 tricenos.

79 891 186 951 Praeter
195 892 250 951 has
261 892 348 966 leges
360 892 389 951 A
397 906 413 949 e
421 889 484 951 mil
492 888 502 950 i
510 907 565 950 am
578 909 703 968 quoque
715 894 839 968 legem
851 892 1079 968 inuenimus,12

37 976 142 1050 qualege
153 992 212 1037 nou
224 980 368 1052 sumptus
382 990 536 1048 cenarum,
549 977 607 1036 sed
620 975 760 1038 ciborum
772 994 869 1053 genus
882 986 914 1039 et
924 981 1036 1041 modus

36 1057 177 1132 praefinitus
190 1065 247 1120 est.

76 1143 262 1213 leudeinde
280 1142 399 1204 Antia
415 1149 539 1220 praeter
550 1151 706 1222 sumptum
724 1144 804 1207 aeris
816 1145 848 1206 id
865 1147 955 1208 etiam
968 1154 1080 1209 sun-13

37 1225 75 1299 rit,
84 1233 122 1301 ut,
140 1227 188 1304 qui
199 1225 396 1305 magistratus
409 1235 495 1289 esset
509 1228 765 1305 magistratumuo
784 1239 931 1308 capturus
944 1240 1037 1306 esset,

37 1326 62 1368 ne
77 1328 124 1386 quo
144 1313 181 1372 ad
197 1329 323 1386 cenam,
346 1311 404 1374 nisi
422 1313 462 1373 ad
475 1319 576 1374 certas
593 1330 762 1390 personas,
784 1315 884 1377 itaret.

78 1397 219 1457 Postrema
235 1399 300 1458 lex
316 1397 415 1458 Iulia
431 1397 471 1458 ad
483 1400 633 1474 populum
650 1398 806 1477 peruenit,
827 1402 959 1463 Caesare
975 1403 1080 1462 Au-lt

37 1479 290 1557 gustoimperante,
314 1499 375 1559 qua
396 1480 544 1559 protestis
564 1483 688 1559 quidem
706 1483 815 1546 diebus
834 1485 959 1547 ducenti
970 1484 1036 1545 lini-

36 1569 111 1638 arur,
136 1565 297 1641 Kalendis,
324 1566 444 1641 Idibus,
473 1566 568 1628 Nonis
597 1575 628 1630 et
649 1567 715 1630 aliis
739 1569 923 1646 quibusdam
949 1569 1036 1631 lestis

37 1648 140 1724 ueteri,
162 1650 279 1730 nuptiis
303 1658 406 1714 autem
428 1658 459 1713 et
474 1651 602 1729 repotiis
620 1653 754 1715 sestertii
771 1654 863 1715 mille.

76 1735 140 1796 lssc
163 1736 255 1798 ctiam
275 1736 348 1798 dicit
365 1735 501 1813 Capito
527 1737 660 1799 Ateius
684 1737 833 1814 edictum,
853 1737 1080 1812 diuine(rue)1⁵

35 1815 132 1892 Augusti
141 1837 177 1880 an
189 1821 305 1882 Tiberii
322 1820 461 1884 Caesaris
474 1837 536 1883 nou
550 1822 625 1884 satis
638 1823 839 1897 commemini,
861 1841 922 1900 quo
937 1821 1037 1883 edicto

35 1915 72 1972 per
81 1901 182 1965 dierum
192 1906 299 1967 uarias
312 1905 533 1968 sollemnitates
546 1924 564 1966 u
576 1907 721 1968 trecentis
734 1906 884 1968 sestertiis
897 1907 1039 1982 adusque

35 1983 75 2044 duo
86 1989 213 2050 sestertia
225 1998 370 2068 sumptus
384 2007 528 2052 cenarum
539 1999 730 2068 propagatus
748 1998 809 2063 cst,
823 1997 857 2052 ut
867 1990 915 2050 his
931 1992 1039 2051 saltem

35 2067 114 2134 finibus
123 2073 259 2136 luxuriae
274 2075 509 2138 efferuescentis
520 2083 626 2137 aestus
640 2082 847 2137 coerceretur.

476 2243 570 2307 XXV.

76 2361 136 2428 Quid
155 2367 256 2423 Graeci
279 2349 454 2440 ἀναλογίαν,
473 2365 541 2436 quid
557 2370 654 2420 contra
674 2353 846 2441 ἀνωμαλίαν
861 2372 974 2422 vocent.

75 2492 101 2552 ln
113 2495 215 2560 Latino
229 2514 391 2571 sermone,
408 2495 488 2557 sicut
498 2494 529 2556 in
546 2496 681 2568 Graeco,
694 2492 745 2554 alii
758 2485 977 2575 ‘dvoloytuv’
991 2514 1040 2559 se·
1055 2508 1066 2559 l

36 2577 154 2644 quendam
173 2589 378 2658 putauerunt,
401 2580 450 2642 alii
474 2571 716 2660 ενἰναμαλίνν’.
761 2569 970 2660 ’Ἀναλογία
993 2589 1069 2643 esta

36 2655 141 2724 simum
173 2665 282 2728 similis
316 2663 500 2738 declinatio,
535 2682 628 2742 quam
656 2662 781 2740 quidam
805 2664 913 2726 Latine
950 2671 1040 2742 ‘pro-

37 2744 191 2811 llrtionem’
221 2759 349 2814 uocant.
406 2739 639 2829 ‘Mappalia’
672 2755 721 2809 cst
753 2746 957 2825 inaequalitas
991 2750 1072 2809 de-3

37 2823 213 2910 clinationum,
239 2834 670 2910 consuetudinem-sequens.
714 2833 782 2892 Duo
809 2839 912 2892 autem
934 2831 1072 2895 Graecil

37 2918 187 2996 grammatici
203 2921 341 2982 illustres
357 2920 614 2981 Aristarchus
631 2923 662 2978 et
682 2919 814 2978 crates
831 2933 952 2978 summa
968 2935 1038 2995 ope,

37 2990 69 3083 lla
77 2986 261 3084 ἀναλογίαν,
275 3003 326 3064 hic
345 2995 539 3083 ἀνωμαλίαν
550 2999 757 3064 defensitauit.
802 3001 844 3061 M.
856 3003 1068 3065 Varronist

37 3073 107 3140 lrler
133 3088 178 3147 ad
207 3087 432 3150 Ciceronem
466 3089 512 3148 de
541 3087 675 3164 lingua
704 3085 843 3146 Latina
880 3094 1039 3149 octauus

37 3162 119 3226 nullam
141 3187 211 3233 esse
234 3173 487 3235 obseruationem
509 3170 651 3235 similium
675 3171 768 3232 docet
784 3170 879 3248 inque
898 3170 1039 3233 omnibus

37 3257 108 3312 lacre
128 3256 228 3318 uerbis
262 3256 520 3319 consuetudinem
547 3255 699 3318 dominari
725 3257 880 3318 ostendit:
914 3251 1066 3317 Sicutit

38 3336 280 3416 cundicirnus,
303 3342 416 3418 inquit,
442 3344 576 3419 ‘lupus
594 3340 703 3418 lupi',
727 3340 891 3418 ‘probus
910 3338 1039 3416 probi’

37 3416 62 3468 ct
84 3419 200 3497 ‘lepus
223 3426 410 3504 leporis’,
438 3426 532 3486 item
554 3430 665 3502 ‘paro
687 3424 842 3502 paraui'
866 3431 904 3485 et
929 3426 1039 3488 ‘lauo

37 3490 120 3576 laum,
140 3510 283 3588 ‘pungo
308 3509 492 3588 pupugi’,
516 3510 651 3571 ‘tundo
676 3508 823 3572 tutudi’
853 3515 883 3572 et
902 3509 1039 3588 ‘pingo
