2456 3918
510 257 560 314 lll.
575 271 620 315 ru.
1022 253 1080 318 117

82 419 224 480 delectatus
240 421 336 481 laceta
345 423 513 482 uerborum
528 419 722 496 antiquitate,
741 420 934 483 meretricum
951 422 1024 484 uitia
1041 430 1084 484 at·

81 518 128 576 que
146 503 341 566 deformitates
365 503 617 581 significantium:
641 507 709 564 ‘uel
724 523 805 566 unus
820 506 951 580 hercle’,
973 507 1081 581 inquit,

80 585 131 644 ‘hic
153 603 255 648 uersus
276 589 402 649 Plauti
426 605 497 649 esse
519 589 598 648 hanc
619 589 752 649 tabulam
782 589 855 649 salis
880 596 985 666 potest
1011 590 1083 650 lidoi

80 669 198 729 lecisse'.

123 753 177 814 Nos
198 771 320 830 quoque
336 755 395 832 ipsi
411 755 601 832 nuperrime,
631 773 700 816 cum
721 758 893 832 legeremus
916 757 1109 830 Fretum,l

78 853 168 896 nornen
187 839 283 898 estid
306 840 501 912 comoediae,
526 856 617 915 quam
638 839 761 899 Plauti
783 855 854 900 esse
877 840 999 915 quidam
1021 857 1083 899 non

77 925 178 994 putant,
192 921 263 982 haut
280 923 443 998 quicquam
460 922 683 996 dubitauimus,
708 924 779 1000 quin
798 939 835 983 ea
849 923 977 983 Plauti
994 925 1082 996 soret,

77 1010 99 1060 et
111 1005 231 1065 omnium
247 1006 371 1082 quidem
386 1007 517 1069 maxime
538 1006 680 1082 genuina.
726 1009 772 1066 Ex
789 1024 850 1082 qua
864 1009 925 1067 duo
942 1009 1000 1068 hos
1016 1016 1110 1068 nor-8

76 1103 117 1147 sus
130 1088 359 1166 exscripsimus,
375 1099 408 1152 ut
421 1091 580 1152 historiam
593 1107 811 1167 quaereremus
826 1091 941 1153 oraculi
952 1090 1083 1151 arietini:

105 1206 195 1266 Nunc
213 1207 337 1282 (illud)
353 1208 412 1269 est
434 1212 534 1284 quod
556 1226 787 1285 responsum
808 1207 1010 1270 arietinum
1030 1206 1084 1268 ld-

613 1293 670 1353 dis
687 1293 859 1368 nrag[n]is
878 1289 1035 1353 dicitur:

105 1370 245 1446 Periba,
263 1375 296 1434 si
312 1393 386 1436 non
406 1375 553 1450 lc'cero,
571 1377 602 1437 si
618 1374 720 1450 laxo,
735 1375 941 1453 uapulaibo.

88 1585 92 1597 ῃ
120 1506 262 1568 Marcus
278 1512 512 1571 tamcharro
528 1510 563 1570 in
585 1511 684 1571 libro
701 1511 745 1570 de
761 1510 1111 1574 comoediisPlau-9

74 1589 147 1649 nnis
164 1592 288 1666 primo
303 1592 413 1653 Accii
428 1595 525 1654 uerba
538 1596 615 1655 haee
632 1594 734 1670 ponit:

103 1713 177 1776 llam
199 1735 272 1778 nec
295 1719 467 1780 Gemine'i
486 1722 636 1782 Leones
661 1718 730 1780 uec
755 1718 979 1780 Condalium
1002 1737 1072 1780 nec

104 1798 220 1862 Plauti
247 1806 371 1877 Anus,
399 1821 468 1864 nec
493 1801 556 1865 Bis
584 1820 810 1880 compressa
834 1803 903 1863 nec
924 1803 1086 1864 Boeotia

613 1887 720 1960 [e'ius]

102 1960 296 2046 'quuarn
326 1970 418 2044 luit,
452 1989 574 2047 neque
604 1970 699 2032 adeo
728 1974 930 2046 Agroecus
961 1968 1086 2045 ne'que

617 2051 921 2116 Commorientes

102 2131 211 2196 lldcci
235 2137 321 2197 Titi.

118 2261 150 2320 ln
167 2265 305 2324 eodem
328 2262 428 2325 libro
451 2265 491 2323 M.
509 2263 700 2325 Varronis
727 2263 758 2322 id
782 2279 907 2338 quoque
928 2262 1129 2339 scriptum,10

69 2340 238 2406 Plautium
262 2345 359 2408 luisse
382 2346 557 2422 quempiam
571 2354 696 2423 poetam
711 2347 950 2408 comoediarum.
982 2347 1086 2418 [Cuius

69 2423 200 2502 Plautii]
216 2430 364 2506 quoniam
376 2432 496 2491 fabulae.
509 2431 628 2492 ‘Plauti'
641 2430 807 2507 inscriptae
819 2432 929 2502 lorent,
942 2436 1086 2505 acceptas

69 2523 125 2569 esse
141 2515 229 2588 quasi
243 2514 415 2588 Plautinas,
440 2531 509 2574 cum
526 2521 632 2575 essent
646 2531 708 2574 non
729 2531 747 2574 a
769 2515 905 2574 Plauto
921 2513 1086 2585 Plautinae,

70 2594 113 2650 sed
126 2612 143 2654 a
156 2597 310 2658 Plautio
327 2599 512 2659 Plautianae.

115 2678 266 2742 Feruntur
281 2689 382 2743 autem
398 2683 455 2743 sub
476 2681 602 2742 Plauti
622 2681 745 2743 nomine
766 2679 947 2742 comoediae
968 2679 1129 2741 circiterll

70 2769 173 2823 centum
196 2773 293 2840 atque
312 2765 450 2841 triginta3
471 2767 528 2826 sed
543 2766 636 2826 homo
653 2764 877 2826 eruditissimus
901 2765 933 2822 L.
951 2763 1084 2822 Aelius
1097 2772 1130 2823 12

71 2843 188 2922 quinque
213 2856 245 2908 et
267 2849 375 2924 uiginti
397 2849 463 2910 eius
488 2866 559 2910 esse
574 2851 658 2910 solas
681 2848 875 2910 existimauit.
919 2849 1026 2922 Neque
1043 2853 1085 2906 ta·
1097 2853 1130 2907 13

71 2933 267 2993 mendatium
285 2940 346 3006 est,
364 2933 436 3009 quin
458 2933 569 3007 istaec,
593 2950 672 3008 quae
687 2933 821 3007 scriptae
837 2949 855 2990 a
869 2933 1005 2992 Plauto
1025 2947 1088 2992 non

71 3008 195 3077 uidentur
210 3024 243 3076 et
258 3017 372 3077 nomini
388 3016 454 3078 eius
471 3017 670 3089 addicuntur,
690 3023 830 3076 ueterum
847 3021 1009 3092 poetarum
1025 3015 1088 3074 lue-

70 3092 116 3153 rint
131 3107 159 3158 et
174 3101 213 3160 ab
232 3118 270 3160 eo
288 3108 471 3161 retractatae
490 3106 544 3173 [et]
566 3100 720 3175 expolitae
735 3099 797 3160 sint
810 3117 846 3159 ac
860 3106 1027 3176 propterea
1042 3113 1088 3156 re-

72 3174 166 3250 sipiant
183 3185 287 3244 stilum
302 3183 483 3245 Plautinum.
522 3183 585 3244 Sed
609 3183 688 3243 enim
710 3183 953 3244 Saturionem
969 3188 1000 3240 ct
1016 3181 1131 3240 Ad-ll

70 3259 197 3328 dictum
220 3275 250 3329 et
269 3269 389 3330 tertiam
413 3269 581 3344 quandam,
605 3266 690 3328 cuius
709 3284 791 3328 nunc
806 3267 878 3326 mihi
898 3281 1010 3326 nomen
1025 3280 1088 3323 non

72 3345 205 3426 subpetit,
227 3352 256 3412 in
271 3353 402 3429 pistrino
420 3368 489 3412 eum
505 3350 685 3426 scripsisse,
701 3354 824 3412 Varro
841 3357 872 3410 et
885 3347 1024 3424 plerique
1041 3346 1091 3406 alii

71 3435 222 3496 memoriae
237 3437 445 3509 tradiderunt,
463 3452 547 3509 cum,
565 3435 696 3510 pecunia
713 3435 810 3507 omni,
828 3450 920 3510 quam
937 3432 968 3491 in
984 3431 1088 3508 operis

72 3513 206 3578 ardicam
228 3521 423 3581 scenicorum
437 3526 617 3595 pepererat,
637 3518 668 3579 in
689 3517 875 3583 mercatibus
892 3515 1027 3592 perdita,
1047 3515 1091 3573 in-
