2456 3918
531 871 576 963 Α.
608 872 638 967 G
655 870 684 964 E
700 867 728 962 b
746 871 773 964 t
792 871 838 964 ΙΙ

187 1087 404 1206 Ndd'iivii
433 1087 719 1202 tttttttttt
747 1087 893 1202 trouu
922 1083 1175 1202 rutmors

603 1331 769 1342 .-.------

667 1471 690 1531 1.

160 1625 220 1694 Quo
239 1642 344 1698 genere
362 1628 459 1683 solitus
477 1628 513 1683 sit
533 1627 719 1703 philosophus
740 1625 872 1683 Socrates
889 1640 1022 1680 exercere
1038 1626 1194 1696 patientiam

354 1713 497 1784 eorporis;
514 1711 605 1784 deque
619 1712 746 1768 eiusdem
760 1711 812 1767 uiri
824 1710 1019 1781 temperantia.

130 1911 145 1962 1
247 1863 336 1957 Inter
353 1897 477 1959 labores
494 1895 687 1958 uoluntarios
706 1903 738 1955 et
755 1892 902 1956 exercitia
919 1892 1061 1970 corporis
1079 1895 1124 1954 ad
1145 1894 1199 1954 tor-

156 1982 250 2044 tuitas
273 1981 438 2057 patientiae
460 1981 546 2042 uices
569 1979 711 2041 firmandi
733 1979 766 2039 id
783 1995 909 2056 quoque
927 1977 1110 2055 accepimus
1133 1977 1198 2038 So·

125 2073 287 2128 toroten
307 2066 410 2125 iacere
427 2065 619 2126 insueuisse:
643 2064 732 2125 Stare
751 2063 861 2124 solitus
884 2063 1070 2124 Socrates
1091 2062 1199 2124 dicitur

156 2148 306 2227 pertinaci
322 2155 404 2209 statu
420 2147 548 2225 perdius
563 2154 657 2223 atque
673 2165 794 2224 pernox
812 2165 831 2207 o
848 2164 968 2209 summo
985 2147 1064 2208 tucis
1077 2155 1153 2208 ortu
1165 2147 1200 2206 ed

158 2235 257 2295 sotem
269 2235 398 2294 alterum
411 2231 570 2306 orientem,
592 2231 785 2306 inconiuens,
804 2231 978 2306 immobilis,
991 2230 1096 2293 isdem
1108 2231 1141 2291 in
1153 2248 1199 2290 ue-

158 2317 256 2393 stigiis
270 2324 314 2391 et,
336 2332 390 2376 ore
402 2323 495 2392 atque
514 2315 611 2378 oculis
624 2318 757 2379 eundem
767 2315 797 2377 in
809 2318 911 2379 locum
924 2315 1065 2390 directiS,
1086 2315 1201 2392 eogita-

157 2403 296 2474 bundus‚
319 2408 475 2475 tamquam
496 2401 631 2477 quodam
643 2419 773 2463 secessu
785 2401 895 2462 mentis
907 2407 1001 2477 atque
1011 2399 1108 2461 animi
1121 2402 1200 2460 facto

127 2499 174 2552 3a
199 2500 342 2563 corpore.
388 2486 484 2560 Quam
508 2503 574 2547 rem
598 2502 667 2546 oum
689 2484 927 2560 Fauorinus,
955 2486 994 2546 de
1020 2484 1204 2546 fortitudine

158 2569 224 2630 eius
242 2569 301 2630 uiri
320 2575 355 2629 ut
374 2570 523 2646 pleraque
541 2569 715 2643 disserens,
737 2568 902 2646 attigisset:
926 2563 1143 2649 ‘nottdur3’‚
1164 2569 1203 2628 in-

158 2653 240 2730 quit,
269 2651 324 2728 εἐξ
351 2643 450 2732 ἡλίου
479 2653 524 2726 εἰς
551 2645 649 2734 ἥλιον
679 2648 822 2734 εἱστήκει
846 2644 1113 2734 ἆστραβέστερος
1137 2655 1202 2714 τῶν

157 2734 344 2818 πρέμνων’.

127 2835 146 2888 4
241 2822 455 2899 Temperantia
472 2840 597 2899 quoque
614 2823 711 2883 tuisse
724 2839 794 2882 eum
811 2830 896 2884 tanta
913 2821 1060 2885 traditum
1080 2830 1152 2896 est,
1176 2829 1206 2880 ut

157 2907 341 2967 omniafere
358 2906 442 2967 uitae
460 2923 536 2968 suae
552 2913 694 2984 tempora
714 2906 883 2972 ualitudine
900 2907 1057 2969 inoffense
1078 2907 1206 2968 uixerit.

127 2991 189 3058 5In
206 2989 285 3051 illius
305 2989 397 3051 etiarn
413 2989 607 3067 pestilentiae
623 2990 783 3065 uastitate,
805 3009 885 3069 quae
905 2991 937 3054 in
959 2991 1031 3053 belli
1047 2993 1207 3068 Pelopon·

156 3073 294 3136 nensiaci
314 3074 465 3150 principis
492 3075 727 3137 Atheniensium
751 3075 903 3138 ciuitatem
928 3075 1125 3139 interneciuo
1158 3093 1210 3151 ge-

156 3175 230 3219 nere
243 3158 341 3220 morbi
357 3159 620 3236 depopulantem,
645 3159 672 3220 is
684 3161 833 3238 parcendi
851 3161 1097 3238 moderandique
1111 3161 1209 3222 ratio-

156 3241 248 3304 nibus
265 3242 375 3304 dicitur
400 3250 431 3303 et
452 3260 470 3303 a
489 3245 682 3320 uoluptatum
704 3245 773 3306 labe
797 3245 919 3308 cauisse
948 3253 979 3307 et
1002 3244 1210 3307 salubritates

157 3325 299 3470 cprgiorils
321 3326 500 3423 retinuisse,
523 3335 557 3389 ut
574 3344 771 3404 nequaquem
789 3330 881 3392 tuerit
896 3330 1053 3392 communi
1065 3330 1213 3394 omnium

157 3425 206 3470 ca
254 3427 273 3472 o
296 3427 419 3473 noxius.
