2456 3918
640 219 662 278 l.
680 232 737 276 xu.

650 384 716 446 ΧΠ.

160 515 248 586 Virgo
260 513 367 567 Vestae
379 510 447 582 quid
466 510 565 566 aetatis
578 515 606 565 et
618 525 653 564 ex
665 509 741 580 quali
754 508 860 564 larnilia
877 513 970 580 ecquo
982 507 1038 562 ritu
1049 509 1192 582 quibusque

200 597 379 654 caerimoniis
397 601 425 650 et
442 595 642 668 religionibus,
670 610 703 649 ac
715 609 771 664 quo
784 591 896 648 nomine
910 591 1070 663 apontifice
1083 595 1193 650 maximo

200 684 342 756 capiatur,
363 687 391 736 et
402 697 456 752 quo
470 679 564 736 statim
576 680 636 734 iure
648 695 713 734 esse
726 679 842 750 incipiat
854 677 936 734 simul
950 682 1033 749 atque
1052 683 1135 750 capta
1144 686 1192 746 est;

200 768 346 840 quodque,
371 771 400 820 ut
411 767 504 822 Labeo
518 764 602 832 dicit,
626 780 677 818 nec
696 764 828 820 intestato
848 763 979 834 cuiquam
1001 777 1054 818 nee
1075 764 1136 818 eius
1156 765 1193 818 in-

200 857 320 909 testatae
333 851 482 922 quisquam
494 850 553 905 iure
566 847 651 904 heres
664 855 717 904 est.

129 996 144 1047 1
220 982 276 1059 Qui
289 984 328 1044 de
339 979 460 1058 uirgine
479 980 630 1058 capienda
648 980 859 1058 scripserunt,
884 997 1016 1057 quorum
1039 980 1194 1058 diligentis-

158 1069 236 1130 sime
249 1067 374 1146 scripsit
384 1068 509 1128 Labeo
522 1066 736 1140 Antistius,
755 1065 906 1127 minorem
918 1083 1011 1141 quam
1025 1083 1126 1128 annos
1138 1083 1193 1134 sex,

158 1155 305 1215 maiorem
314 1169 407 1229 quam
419 1169 519 1212 annos
529 1152 638 1211 decem
649 1157 762 1233 natam,
770 1158 963 1228 negauerunt
975 1152 1045 1229 capi
1056 1154 1104 1213 las
1118 1167 1194 1218 esse;

115 1239 240 1305 utitem
250 1254 330 1315 quae
342 1255 404 1299 non
418 1237 458 1299 sit
469 1236 602 1314 patrima
613 1243 645 1296 et
655 1235 810 1308 matrima;
823 1235 897 1296 item
909 1253 990 1312 quae
1000 1233 1195 1313 linguadebili

158 1341 296 1386 sensuue
314 1322 433 1383 aurium
454 1320 612 1382 deminuta
629 1321 728 1382 aliaue
746 1337 808 1397 qua
821 1321 963 1397 corporis
980 1322 1051 1383 labe
1061 1320 1196 1398 insignita

129 1409 214 1481 tsit;
237 1409 310 1470 item
329 1423 409 1484 quae
428 1407 496 1484 ipsa
509 1413 562 1467 aut
575 1405 662 1467 cuius
674 1412 764 1484 pater
776 1405 987 1484 emancipatus
1005 1405 1061 1480 sit,
1087 1403 1195 1468 etiamsi
1215 1411 1216 1478 t

129 1495 230 1558 suino
243 1498 332 1571 patre
343 1491 374 1552 in
386 1492 436 1554 aui
448 1496 605 1568 potestate
617 1491 672 1564 sit3
696 1491 770 1551 item
789 1490 877 1554 cuius
895 1498 1042 1568 parentes
1055 1493 1134 1554 alter
1145 1508 1195 1552 an-

157 1580 240 1641 boue
252 1576 616 1640 seruitutemseruierunt
627 1582 679 1636 aut
690 1575 721 1637 in
734 1575 867 1652 negotiis
881 1575 1016 1638 sordidis
1028 1584 1194 1638 uersentur.

131 1663 222 1727 oSed
236 1681 320 1738 eam,
340 1662 427 1724 cuius
441 1678 533 1723 soror
544 1663 585 1720 ad
596 1661 628 1720 id
640 1660 850 1722 sacerdotium
862 1664 942 1722 lecta
954 1667 1017 1735 est,
1030 1661 1196 1723 excusatio·

158 1766 230 1810 nem
252 1747 363 1810 mereri
385 1748 485 1819 aiunt;
510 1745 583 1806 item
606 1745 694 1808 cuius
715 1752 805 1825 pater
827 1747 941 1808 flamen
963 1753 1016 1808 aut
1038 1755 1140 1824 augur
1154 1753 1197 1805 aut

160 1832 436 1911 quindecimuirum
449 1831 547 1894 sacris
560 1831 712 1894 faciundis
726 1837 778 1892 aut
790 1831 1013 1908 septemuirum
1036 1834 1196 1908 epulonum

129 1929 145 1984 7
158 1926 209 1981 aut
222 1919 323 1982 Salius
337 1924 394 1980 est.
430 1917 574 1994 Sponsae
588 1933 714 1994 quoque
725 1914 883 1993 pontificis
897 1923 928 1977 et
941 1915 1086 1978 tubicinis
1102 1933 1196 1978 sacro-

129 2014 225 2068 8rum
247 2005 328 2066 tiliae
345 2003 467 2065 uacatio
487 2019 506 2061 a
524 2001 700 2063 sacerdotio
718 2001 778 2062 isto
796 1999 888 2061 tribui
906 2002 997 2063 solet.
1041 2002 1198 2062 Praeterea

160 2090 293 2165 Capito
317 2088 459 2149 Ateius
484 2086 633 2163 scripturn
655 2086 793 2163 reliquit,
822 2103 926 2162 neque
950 2084 1017 2148 eius
1041 2086 1197 2162 legendam

158 2175 266 2245 filiam,
291 2172 344 2249 qui
357 2172 545 2234 domicilium
555 2170 587 2230 in
598 2170 684 2232 ltalia
696 2189 758 2234 non
770 2172 915 2244 haberet,
940 2177 971 2230 et
990 2171 1196 2233 excusandam

159 2259 242 2329 eim,
267 2258 319 2333 qui
334 2257 449 2318 liberos
462 2265 526 2317 tres
539 2257 677 2317 haberet.

129 2355 146 2409 9
221 2341 317 2417 Virgo
337 2349 440 2404 autern
451 2341 587 2402 Vestalis
606 2341 698 2402 simul
710 2348 759 2403 est
772 2350 862 2419 capta
874 2349 968 2419 etque
980 2341 1011 2402 in
1023 2340 1135 2402 atrium
1147 2341 1215 2420 Ver

158 2435 226 2489 stae
238 2427 372 2488 deductu
391 2433 423 2488 et
438 2425 639 2504 pontificibus
656 2426 769 2486 tradita
788 2435 851 2502 est,
875 2444 913 2489 eo
937 2425 1040 2487 statim
1063 2429 1215 2501 temporat

159 2513 226 2574 sine
244 2511 490 2588 emancipatione
508 2528 545 2573 ac
562 2511 629 2572 sine
648 2511 756 2588 capitis
774 2511 944 2573 minutione
962 2526 979 2570 e
996 2510 1095 2588 patris
1118 2517 1196 2586 pote

159 2603 241 2660 state
254 2595 317 2658 exit
328 2604 359 2660 et
370 2596 418 2658 ius
431 2596 608 2659 testamenti
620 2595 754 2657 faciundi
765 2596 956 2675 adipiscitur.

117 2695 150 2748 10
225 2684 269 2743 De
281 2688 482 2743 mercantem
500 2681 622 2758 rituque
635 2681 807 2758 capiundae
819 2680 948 2758 uirginis
961 2681 1068 2742 literae
1080 2679 1201 2756 quidem

159 2767 350 2844 antiquiores
363 2784 425 2828 non
436 2772 560 2839 extant,
585 2766 660 2838 nisi,
684 2782 764 2842 quae
777 2772 867 2844 capta
878 2765 977 2843 prima
990 2773 1053 2838 est,
1077 2765 1201 2826 aNuma

117 2865 148 2918 11
159 2870 233 2929 rege
246 2869 318 2914 csse
331 2858 462 2928 captam.
509 2851 572 2913 Sed
584 2851 709 2927 Papiam
720 2853 821 2926 legem
831 2850 1021 2924 inuenimus‚
1043 2866 1105 2926 qua
1118 2864 1200 2910 caue-

158 2946 217 3011 tur,
227 2944 260 2998 ut
271 2937 427 3014 pontificis
440 2935 563 2997 maximi
575 2935 722 2998 arbitratu
735 2936 871 3013 uirgines
885 2953 902 2997 e
914 2938 1031 3014 populo
1045 2933 1154 3010 uiginti
1166 2935 1201 2992 le-

158 3029 270 3100 gantur
281 3021 466 3099 sortitioque
478 3021 508 3082 in
522 3021 667 3084 contione
680 3039 719 3082 ex
732 3039 769 3084 eo
783 3038 912 3083 numero
925 3021 979 3082 fiat
991 3027 1030 3094 et,
1044 3019 1132 3080 cuius
1146 3017 1200 3077 uir·

158 3109 237 3185 ginis
250 3109 344 3168 ducta
350 3106 415 3181 erit,
425 3114 457 3168 ut
469 3123 537 3168 carn
550 3106 691 3183 pontifex
703 3106 854 3169 maximus
867 3105 968 3184 capiat
980 3122 1081 3182 eaque
1087 3106 1201 3166 Vestae

117 3208 151 3262 12
162 3195 224 3254 irat.
248 3193 313 3254 Sed
325 3209 362 3253 ea
374 3191 494 3254 sortitio
507 3210 546 3253 ex
559 3195 627 3268 lege
638 3190 733 3268 Papia
742 3209 806 3253 non
819 3191 1000 3253 necessaria
1011 3207 1094 3252 nuno
1105 3183 1202 3249 uideri

160 3281 251 3341 solet.
295 3279 371 3339 Nam
394 3281 421 3342 si
449 3278 534 3354 quis,
558 3277 692 3340 honesto
705 3278 775 3338 loco
789 3283 896 3349 natuS,
920 3277 1013 3336 adeat
1024 3273 1201 3352 pontificem

159 3364 326 3424 maximum
343 3368 436 3438 atque
460 3363 572 3424 offerat
590 3363 630 3421 ad
647 3361 856 3423 sacerdotium
876 3359 968 3421 filiam
988 3377 1092 3434 suam,
1115 3355 1214 3432 cuius

161 3448 320 3508 dumtaxat
332 3446 426 3507 saluis
440 3445 623 3520 religionum
635 3445 909 3508 obseruationibus
921 3444 999 3507 ratio
1011 3442 1118 3506 haberi
1130 3456 1214 3526 pos-t

161 3531 215 3600 sit,
239 3531 337 3607 gratia
347 3531 460 3607 Papiae
472 3530 541 3590 illae
552 3530 630 3607 legis
642 3536 852 3606 personatum
865 3531 908 3592 fit.
1213 3527 1214 3530 ’
