2456 3918
152 217 194 280 94
611 219 647 277 ll.
663 234 727 278 xxr.

125 385 292 454 suniuersi
304 392 335 446 et
345 383 478 446 lucentia
493 383 595 445 sidera
607 384 890 446 considerabamus.
912 385 998 454 Tum,
1013 382 1064 459 qui
1078 385 1188 445 eodem

153 470 327 531 innumero
345 471 478 531 Graecas
497 484 548 528 res
567 467 677 529 eruditi
699 475 799 540 erant,
819 467 893 544 qnid
911 461 1074 547 ‘dotinqg’
1096 475 1188 542 esset,

155 553 228 628 quid
241 545 384 633 ‘ripula’
397 557 428 612 et
440 569 592 628 quaenam
603 551 701 613 maior
713 558 743 612 et
756 568 835 626 quae
847 551 956 625 minor,
969 568 1024 611 eur
1031 551 1075 611 ita
1087 554 1189 628 appel-

153 638 215 698 lata
231 644 263 698 et
278 655 370 713 quam
381 637 411 696 in
423 642 543 711 partem
554 635 752 712 procedentis
765 636 865 697 noetis
878 635 978 711 spatio
991 644 1190 696 mouerentur

154 729 185 782 et
202 723 402 798 quamobrem
425 721 610 781 Homerus
635 722 733 781 solam
757 736 825 780 eam
847 736 909 780 non
933 718 1076 780 oooidere
1100 720 1189 792 dieat,

154 823 223 866 eum
248 812 278 865 et
302 806 453 881 quaedam
477 803 550 876 alia,
578 803 654 864 scite
680 803 741 864 ista
762 803 864 878 omnia
876 819 913 863 ao
935 802 1034 879 perite
1056 802 1190 865 dissere-

153 890 236 949 bant.
1046 932 1048 935 ψ

124 987 142 1039 4
214 972 271 1033 Hie
284 989 342 1048 ego
355 974 394 1034 ad
406 979 533 1034 nostros
543 971 672 1032 iuuenes
685 978 853 1032 eonuertor
871 977 915 1032 et:
930 971 1039 1046 ‘quid’,
1053 972 1190 1048 inquam,

153 1062 225 1117 ‘uos
244 1055 325 1132 opici
342 1056 442 1118 dicitis
459 1055 552 1116 mihil
575 1071 685 1132 quare,
709 1056 794 1130 quod
816 1046 979 1134 (ἅμαξαν
1005 1055 1116 1116 Graeci
1141 1074 1191 1116 uo·

125 1155 141 1205 5
155 1147 234 1210 eant,
248 1157 307 1202 nos
320 1141 574 1218 ‘septentriones’
583 1141 756 1201 uooamus?
780 1139 934 1201 nonenim
946 1139 1021 1200 satis
1034 1146 1093 1214 est,
1106 1142 1191 1216 quod

154 1231 274 1301 septem
286 1227 392 1286 stellas
404 1225 562 1298 uidemus,
587 1224 644 1284 sed
660 1223 734 1299 quid
750 1223 934 1298 beatotum,
953 1225 1038 1298 quod
1054 1229 1191 1300 ‘septen-

153 1308 288 1370 triones'
312 1307 455 1381 dicimus,
482 1308 649 1384 signifieat,
672 1307 781 1380 seire’,
803 1306 943 1383 inquam,
967 1307 1016 1367 <id
1039 1307 1192 1382 prolixius

153 1395 255 1454 uolo’.

125 1488 142 1542 6
216 1478 293 1536 Tum
304 1475 456 1554 quispiam
469 1493 508 1538 ex
526 1476 588 1550 his,
609 1476 661 1552 qui
677 1492 713 1537 se
732 1476 771 1536 ad
784 1474 887 1536 literas
900 1475 1133 1551 memoriasque
1143 1493 1191 1536 ue-

153 1568 235 1622 teres
249 1559 423 1622 dediderat:
441 1562 600 1636 ‘uulgus',
620 1559 727 1635 inquit,
748 1559 1035 1635 ‘grammaticorum
1048 1565 1058 1595 ‘
1069 1566 1192 1635 septen·

124 1643 287 1710 'ltriones’
314 1662 333 1705 a
355 1646 424 1707 solo
445 1661 572 1706 numero
592 1646 750 1705 stellarum
772 1643 887 1704 dietum
902 1649 999 1720 putat.
1025 1642 1191 1704 ‘Triones’

154 1728 234 1790 enim
251 1745 308 1805 per
325 1745 397 1790 sese
412 1728 485 1789 nihil
498 1727 673 1804 significare
684 1727 782 1803 aiunt,
801 1729 859 1789 sed
875 1725 1020 1788 uocabuli
1037 1743 1112 1788 esse
1124 1745 1193 1802 sup-

153 1815 356 1890 plementum;
374 1810 454 1876 sicut
464 1812 494 1873 in
506 1829 559 1886 eo,
572 1814 657 1888 quod
670 1812 911 1888 ‘quinquatrus'
930 1811 1086 1885 dieamus,
1109 1812 1193 1887 quod

124 1909 141 1963 8
155 1898 291 1974 quinque
303 1898 341 1958 ab
353 1897 457 1958 Idibus
470 1896 588 1957 diemm
600 1913 746 1958 numerus
759 1897 813 1970 sit,
828 1900 937 1957 ‘otrus'
950 1893 1033 1956 nihil.
1057 1895 1124 1956 Sed
1137 1911 1193 1970 ego

155 1981 279 2058 quidem
291 1982 402 2043 cumb.
415 1979 529 2043 Aelio
548 1987 579 2042 et
593 1983 634 2042 Μ.
646 1983 821 2042 Varrone
838 1979 954 2053 sentio,
976 1978 1031 2054 qui
1048 1980 1193 2042 ‘triones'

154 2067 271 2128 rustico
298 2073 403 2126 cetero
430 2065 583 2126 uocabulo
606 2068 703 2127 boues
729 2067 903 2142 appellatos
927 2063 1080 2137 scribunt,
1106 2062 1194 2140 quasi

156 2150 310 2226 quosdam
333 2148 532 2223 ‘terriones’,
554 2149 613 2210 hoo
637 2157 685 2210 est
707 2151 842 2210 arandae
861 2149 1075 2224 colendaeque
1092 2154 1194 2209 terrae

125 2234 296 2298 aidoneos.
330 2235 438 2308 ltaque
451 2233 510 2294 hoe
528 2231 629 2308 sidus,
645 2235 764 2310 quoda
779 2234 879 2310 ligura
893 2232 1098 2308 posituraque
1116 2232 1193 2308 ipsa,

156 2319 228 2394 quia
240 2316 337 2379 simile
348 2317 479 2393 plaustri
490 2317 640 2392 uideatur,
647 2318 765 2394 antiqui
774 2319 961 2379 Graecorum
974 2307 1139 2396 ‘ipsiu-w
1154 2316 1195 2375 di-

154 2410 281 2476 xerunt,
301 2401 402 2464 nostri
420 2419 546 2478 quoque
563 2410 686 2464 ueteres
706 2403 842 2464 abubus
861 2400 972 2462 iunctis
992 2401 1195 2475 ‘septentrio-

154 2491 228 2548 nes’
242 2488 449 2564 appellarunt,
464 2487 495 2547 id
507 2493 686 2565 estseptem
698 2486 809 2561 stellis,
822 2485 984 2563 exquibus
997 2483 1196 2560 quasiiuneti

113 2570 297 2636 lo‘triones’
310 2571 490 2646 figurantur.
520 2573 646 2633 Praeter
657 2573 748 2633 hano’
761 2571 860 2648 inquit
871 2569 1062 2647 ‘opinionem
1071 2569 1107 2629 id
1120 2587 1196 2644 quo-

155 2673 215 2730 que
227 2655 347 2716 Varro
364 2655 463 2729 addit,
478 2655 618 2716 dubitare
631 2673 717 2730 sese,
737 2674 775 2716 an
787 2663 955 2732 propterea
966 2653 1063 2730 magis
1074 2653 1136 2715 bae
1150 2671 1197 2714 se·

154 2745 237 2814 ptem
250 2741 358 2800 stellae
380 2738 532 2800 ‘triones’
550 2742 723 2817 appellatae
743 2740 817 2814 sint,
836 2739 907 2816 quia
920 2738 963 2800 ita
974 2738 1035 2799 sint
1045 2737 1139 2810 sitae,
1164 2745 1198 2796 ut

154 2830 261 2886 ternae
272 2825 380 2884 stellae
391 2823 552 2899 proximae
566 2841 708 2902 quaeque
719 2825 800 2885 inter
811 2841 883 2886 sese
896 2821 1009 2884 iaciant
1021 2821 1166 2898 ‘trigona
1175 2825 1195 2889 ³,

153 2906 185 2966 id
196 2914 244 2968 est
254 2907 419 2983 triquetras
432 2907 547 2984 figuras
555 2913 577 2969 ’.

112 3004 143 3056 11
216 2992 263 3051 Ex
274 2991 321 3052 his
335 2991 454 3052 duabus
467 2993 651 3068 rationibus,
670 3011 747 3070 quas
758 2994 809 3055 ille
826 2991 915 3066 dixit,
934 2992 1019 3068 quod
1035 2989 1197 3066 posterius

155 3083 219 3150 est,
233 3073 374 3136 subtilius
387 3077 620 3153 elegantiusque
633 3085 682 3138 est
696 3079 808 3140 uisum.
840 3075 1031 3139 Intuentibus
1045 3073 1126 3134 enim
1140 3091 1199 3134 no-

154 3159 202 3220 bis
214 3159 244 3218 in
256 3158 340 3232 illud,
353 3158 395 3219 ita
406 3162 632 3237 propemodum
643 3178 693 3224 res
705 3170 785 3238 erat,
802 3170 837 3225 ut
853 3164 951 3224 lorma
971 3165 1071 3232 esse(t
1088 3164 1129 3230 et)
1145 3157 1200 3218 tri-

156 3250 266 3320 quatra
277 3243 465 3304 uiderentur.
