<?xml version="1.0" encoding="UTF-8"?>
<!DOCTYPE html PUBLIC "-//W3C//DTD XHTML 1.0 Transitional//EN"
    "http://www.w3.org/TR/xhtml1/DTD/xhtml1-transitional.dtd">
<html xmlns="http://www.w3.org/1999/xhtml" xml:lang="en" lang="en">
 <head>
  <title>
</title>
<meta http-equiv="Content-Type" content="text/html;charset=utf-8" />
  <meta name='ocr-system' content='tesseract 3.04.00' />
  <meta name='ocr-capabilities' content='ocr_page ocr_carea ocr_par ocr_line ocrx_word'/>
</head>
<body>
  <div class='ocr_page' id='page_1' title='image "agelliinoctivma03gellgoog_0090.png"; bbox 0 0 2456 3918; ppageno 0'>
   <div class='ocr_carea' id='block_1_1' title="bbox 469 248 1046 312">
    <p class='ocr_par' dir='ltr' id='par_1_1' title="bbox 469 248 1046 312">
     <span class='ocr_line' id='line_1_1' title="bbox 469 248 1046 312; baseline 0.009 -6"><span class='ocrx_word' id='word_1_1' title='bbox 469 248 491 306; x_wconf 94' lang='grc' dir='ltr'>Ι.</span> <span class='ocrx_word' id='word_1_2' title='bbox 509 263 588 308; x_wconf 87' lang='lat' dir='ltr'>xxxx.</span> <span class='ocrx_word' id='word_1_3' title='bbox 1003 248 1046 312; x_wconf 87' lang='grc'>67</span> 
     </span>
    </p>
   </div>
   <div class='ocr_carea' id='block_1_2' title="bbox 65 409 1051 574">
    <p class='ocr_par' dir='ltr' id='par_1_2' title="bbox 65 409 1051 574">
     <span class='ocr_line' id='line_1_2' title="bbox 66 409 1051 492; baseline 0.01 -25"><span class='ocrx_word' id='word_1_4' title='bbox 66 414 118 483; x_wconf 75' lang='lat' dir='ltr'>‘ego</span> <span class='ocrx_word' id='word_1_5' title='bbox 132 409 164 470; x_wconf 88' lang='lat' dir='ltr'>iiii</span> <span class='ocrx_word' id='word_1_6' title='bbox 177 412 209 471; x_wconf 88' lang='lat' dir='ltr'>V.</span> <span class='ocrx_word' id='word_1_7' title='bbox 225 413 253 472; x_wconf 85' lang='lat' dir='ltr'>C.</span> <span class='ocrx_word' id='word_1_8' title='bbox 271 419 466 490; x_wconf 91' lang='lat' dir='ltr'>supersum’,</span> <span class='ocrx_word' id='word_1_9' title='bbox 490 415 693 492; x_wconf 82' lang='lat' dir='ltr'>respondisse</span> <span class='ocrx_word' id='word_1_10' title='bbox 704 421 880 492; x_wconf 85' lang='lat' dir='ltr'><strong>praetorem</strong></span> <span class='ocrx_word' id='word_1_11' title='bbox 899 414 1051 478; x_wconf 85' lang='lat' dir='ltr'>iestiuiter</span> 
     </span>
     <span class='ocr_line' id='line_1_3' title="bbox 65 495 525 574; baseline 0.015 -23"><span class='ocrx_word' id='word_1_12' title='bbox 65 495 322 574; x_wconf 61' lang='lat' dir='ltr'>‘trpianesupercs</span> <span class='ocrx_word' id='word_1_13' title='bbox 341 515 404 560; x_wconf 92' lang='lat' dir='ltr'>non</span> <span class='ocrx_word' id='word_1_14' title='bbox 421 499 525 560; x_wconf 89' lang='lat' dir='ltr'>ades&#39;.</span> 
     </span>
    </p>
   </div>
   <div class='ocr_carea' id='block_1_3' title="bbox 50 614 1096 1954">
    <p class='ocr_par' dir='ltr' id='par_1_3' title="bbox 50 614 1096 1954">
     <span class='ocr_line' id='line_1_4' title="bbox 102 614 1073 696; baseline 0.009 -24"><span class='ocrx_word' id='word_1_15' title='bbox 102 614 370 680; x_wconf 80' lang='lat' dir='ltr'>itautemcicero</span> <span class='ocrx_word' id='word_1_16' title='bbox 393 617 430 679; x_wconf 96' lang='lat' dir='ltr'>in</span> <span class='ocrx_word' id='word_1_17' title='bbox 451 617 567 692; x_wconf 90' lang='lat' dir='ltr'>libro,</span> <span class='ocrx_word' id='word_1_18' title='bbox 586 617 638 696; x_wconf 91' lang='lat' dir='ltr'>qui</span> <span class='ocrx_word' id='word_1_19' title='bbox 654 616 821 696; x_wconf 89' lang='lat' dir='ltr'>inscriptus</span> <span class='ocrx_word' id='word_1_20' title='bbox 839 627 888 680; x_wconf 90' lang='lat' dir='ltr'>est</span> <span class='ocrx_word' id='word_1_21' title='bbox 904 620 949 679; x_wconf 91' lang='lat' dir='ltr'>de</span> <span class='ocrx_word' id='word_1_22' title='bbox 969 618 1073 681; x_wconf 82' lang='lat' dir='ltr'>turer</span> 
     </span>
     <span class='ocr_line' id='line_1_5' title="bbox 61 695 1050 780; baseline 0.009 -26"><span class='ocrx_word' id='word_1_23' title='bbox 61 695 138 756; x_wconf 86' lang='lat' dir='ltr'>ciuiii</span> <span class='ocrx_word' id='word_1_24' title='bbox 160 698 191 758; x_wconf 94' lang='lat' dir='ltr'>in</span> <span class='ocrx_word' id='word_1_25' title='bbox 215 708 336 762; x_wconf 86' lang='lat' dir='ltr'>artem</span> <span class='ocrx_word' id='word_1_26' title='bbox 363 701 579 778; x_wconf 84' lang='lat' dir='ltr'>redigendo</span> <span class='ocrx_word' id='word_1_27' title='bbox 602 704 699 763; x_wconf 92' lang='lat' dir='ltr'>uerba</span> <span class='ocrx_word' id='word_1_28' title='bbox 722 703 799 763; x_wconf 90' lang='lat' dir='ltr'>haec</span> <span class='ocrx_word' id='word_1_29' title='bbox 820 703 942 780; x_wconf 88' lang='lat' dir='ltr'><strong>posuit:</strong></span> <span class='ocrx_word' id='word_1_30' title='bbox 971 703 1050 764; x_wconf 90' lang='lat' dir='ltr'>Nec</span> 
     </span>
     <span class='ocr_line' id='line_1_6' title="bbox 61 783 1050 864; baseline 0.01 -26"><span class='ocrx_word' id='word_1_31' title='bbox 61 797 123 841; x_wconf 90' lang='lat' dir='ltr'>uero</span> <span class='ocrx_word' id='word_1_32' title='bbox 142 783 295 846; x_wconf 90' lang='lat' dir='ltr'>scientia</span> <span class='ocrx_word' id='word_1_33' title='bbox 318 785 418 846; x_wconf 92' lang='lat' dir='ltr'>iuris</span> <span class='ocrx_word' id='word_1_34' title='bbox 441 786 656 849; x_wconf 86' lang='lat' dir='ltr'>maioribus</span> <span class='ocrx_word' id='word_1_35' title='bbox 679 786 963 864; x_wconf 82' lang='lat' dir='ltr'>suisQ.Aeiius</span> <span class='ocrx_word' id='word_1_36' title='bbox 981 788 1050 848; x_wconf 88' lang='lat' dir='ltr'>Tu·</span> 
     </span>
     <span class='ocr_line' id='line_1_7' title="bbox 60 865 1050 950; baseline 0.009 -27"><span class='ocrx_word' id='word_1_37' title='bbox 60 865 123 926; x_wconf 90' lang='lat' dir='ltr'>bero</span> <span class='ocrx_word' id='word_1_38' title='bbox 141 867 261 943; x_wconf 81' lang='lat' dir='ltr'>detuit,</span> <span class='ocrx_word' id='word_1_39' title='bbox 288 870 473 932; x_wconf 88' lang='lat' dir='ltr'>doctrina</span> <span class='ocrx_word' id='word_1_40' title='bbox 490 871 606 932; x_wconf 88' lang='lat' dir='ltr'>etiam</span> <span class='ocrx_word' id='word_1_41' title='bbox 623 872 833 948; x_wconf 84' lang='lat' dir='ltr'>superfuit.</span> <span class='ocrx_word' id='word_1_42' title='bbox 856 875 890 933; x_wconf 91' lang='lat' dir='ltr'>in</span> <span class='ocrx_word' id='word_1_43' title='bbox 904 889 965 950; x_wconf 89' lang='lat' dir='ltr'>quo</span> <span class='ocrx_word' id='word_1_44' title='bbox 978 873 1050 932; x_wconf 88' lang='lat' dir='ltr'>loco</span> 
     </span>
     <span class='ocr_line' id='line_1_8' title="bbox 58 951 1051 1034; baseline 0.01 -27"><span class='ocrx_word' id='word_1_45' title='bbox 58 951 207 1024; x_wconf 81' lang='lat' dir='ltr'>superfuit</span> <span class='ocrx_word' id='word_1_46' title='bbox 226 953 402 1030; x_wconf 86' lang='lat' dir='ltr'>significare</span> <span class='ocrx_word' id='word_1_47' title='bbox 423 954 547 1017; x_wconf 91' lang='lat' dir='ltr'>uidetur</span> <span class='ocrx_word' id='word_1_48' title='bbox 566 961 681 1034; x_wconf 68' lang='lat' dir='ltr'>‘supra</span> <span class='ocrx_word' id='word_1_49' title='bbox 700 955 756 1018; x_wconf 83' lang='lat' dir='ltr'>ruit</span> <span class='ocrx_word' id='word_1_50' title='bbox 774 965 805 1019; x_wconf 88' lang='lat' dir='ltr'>et</span> <span class='ocrx_word' id='word_1_51' title='bbox 825 955 979 1034; x_wconf 86' lang='lat' dir='ltr'>praestitit</span> <span class='ocrx_word' id='word_1_52' title='bbox 1001 973 1051 1017; x_wconf 92' lang='lat' dir='ltr'>su·</span> 
     </span>
     <span class='ocr_line' id='line_1_9' title="bbox 56 1034 1052 1119; baseline 0.008 -28"><span class='ocrx_word' id='word_1_53' title='bbox 56 1034 193 1114; x_wconf 86' lang='lat' dir='ltr'>perauitque</span> <span class='ocrx_word' id='word_1_54' title='bbox 203 1038 333 1101; x_wconf 87' lang='lat' dir='ltr'>rnaiores</span> <span class='ocrx_word' id='word_1_55' title='bbox 350 1056 426 1102; x_wconf 93' lang='lat' dir='ltr'>suos</span> <span class='ocrx_word' id='word_1_56' title='bbox 440 1039 581 1110; x_wconf 86' lang='lat' dir='ltr'>doctrina</span> <span class='ocrx_word' id='word_1_57' title='bbox 597 1059 670 1117; x_wconf 89' lang='lat' dir='ltr'>sua,</span> <span class='ocrx_word' id='word_1_58' title='bbox 690 1040 894 1119; x_wconf 88' lang='lat' dir='ltr'>superfluenti</span> <span class='ocrx_word' id='word_1_59' title='bbox 906 1047 1008 1103; x_wconf 88' lang='lat' dir='ltr'>tamen</span> <span class='ocrx_word' id='word_1_60' title='bbox 1021 1045 1052 1100; x_wconf 89' lang='lat' dir='ltr'>et</span> 
     </span>
     <span class='ocr_line' id='line_1_10' title="bbox 57 1117 1051 1202; baseline 0.009 -27"><span class='ocrx_word' id='word_1_61' title='bbox 57 1117 306 1199; x_wconf 88' lang='lat' dir='ltr'>uinisabundanti’,</span> <span class='ocrx_word' id='word_1_62' title='bbox 327 1123 505 1202; x_wconf 88' lang='lat' dir='ltr'>disciplinas</span> <span class='ocrx_word' id='word_1_63' title='bbox 518 1125 598 1186; x_wconf 92' lang='lat' dir='ltr'>enim</span> <span class='ocrx_word' id='word_1_64' title='bbox 615 1127 768 1188; x_wconf 85' lang='lat' dir='ltr'>Tubero</span> <span class='ocrx_word' id='word_1_65' title='bbox 787 1126 903 1190; x_wconf 86' lang='lat' dir='ltr'>stoicas</span> <span class='ocrx_word' id='word_1_66' title='bbox 917 1133 947 1188; x_wconf 89' lang='lat' dir='ltr'>et</span> <span class='ocrx_word' id='word_1_67' title='bbox 958 1125 1051 1188; x_wconf 86' lang='lat' dir='ltr'>diale-</span> 
     </span>
     <span class='ocr_line' id='line_1_11' title="bbox 58 1200 1076 1290; baseline 0.013 -31"><span class='ocrx_word' id='word_1_68' title='bbox 58 1200 121 1264; x_wconf 88' lang='lat' dir='ltr'>cticas</span> <span class='ocrx_word' id='word_1_69' title='bbox 137 1210 339 1282; x_wconf 83' lang='lat' dir='ltr'>percalluerat.</span> <span class='ocrx_word' id='word_1_70' title='bbox 372 1211 413 1270; x_wconf 90' lang='lat' dir='ltr'>In</span> <span class='ocrx_word' id='word_1_71' title='bbox 437 1209 541 1273; x_wconf 90' lang='lat' dir='ltr'>libro</span> <span class='ocrx_word' id='word_1_72' title='bbox 568 1227 694 1288; x_wconf 89' lang='lat' dir='ltr'>quoque</span> <span class='ocrx_word' id='word_1_73' title='bbox 716 1213 774 1284; x_wconf 88' lang='lat' dir='ltr'>[de</span> <span class='ocrx_word' id='word_1_74' title='bbox 802 1212 1076 1290; x_wconf 82' lang='lat' dir='ltr'>re]p[ublioa]8</span> 
     </span>
     <span class='ocr_line' id='line_1_12' title="bbox 55 1291 1052 1372; baseline 0.009 -27"><span class='ocrx_word' id='word_1_75' title='bbox 55 1291 184 1352; x_wconf 88' lang='lat' dir='ltr'>secundo</span> <span class='ocrx_word' id='word_1_76' title='bbox 213 1293 245 1354; x_wconf 92' lang='lat' dir='ltr'>id</span> <span class='ocrx_word' id='word_1_77' title='bbox 270 1293 375 1370; x_wconf 91' lang='lat' dir='ltr'>ipsum</span> <span class='ocrx_word' id='word_1_78' title='bbox 403 1295 534 1355; x_wconf 92' lang='lat' dir='ltr'>uerbum</span> <span class='ocrx_word' id='word_1_79' title='bbox 565 1294 699 1358; x_wconf 91' lang='lat' dir='ltr'>Cicero</span> <span class='ocrx_word' id='word_1_80' title='bbox 727 1295 816 1372; x_wconf 90' lang='lat' dir='ltr'>ponit</span> <span class='ocrx_word' id='word_1_81' title='bbox 844 1313 906 1358; x_wconf 90' lang='lat' dir='ltr'>non</span> <span class='ocrx_word' id='word_1_82' title='bbox 934 1304 1052 1356; x_wconf 89' lang='lat' dir='ltr'>temere</span> 
     </span>
     <span class='ocr_line' id='line_1_13' title="bbox 55 1377 1051 1456; baseline 0.009 -26"><span class='ocrx_word' id='word_1_83' title='bbox 55 1377 238 1439; x_wconf 88' lang='lat' dir='ltr'>transeundum.</span> <span class='ocrx_word' id='word_1_84' title='bbox 271 1380 379 1440; x_wconf 88' lang='lat' dir='ltr'>Verba</span> <span class='ocrx_word' id='word_1_85' title='bbox 397 1396 437 1440; x_wconf 92' lang='lat' dir='ltr'>cx</span> <span class='ocrx_word' id='word_1_86' title='bbox 456 1396 493 1442; x_wconf 90' lang='lat' dir='ltr'>eo</span> <span class='ocrx_word' id='word_1_87' title='bbox 506 1379 584 1441; x_wconf 93' lang='lat' dir='ltr'>libro</span> <span class='ocrx_word' id='word_1_88' title='bbox 602 1380 679 1442; x_wconf 89' lang='lat' dir='ltr'>haec</span> <span class='ocrx_word' id='word_1_89' title='bbox 698 1386 784 1442; x_wconf 93' lang='lat' dir='ltr'>sunt:</span> <span class='ocrx_word' id='word_1_90' title='bbox 808 1381 889 1441; x_wconf 90' lang='lat' dir='ltr'>Non</span> <span class='ocrx_word' id='word_1_91' title='bbox 912 1397 1051 1456; x_wconf 82' lang='lat' dir='ltr'>graua-</span> 
     </span>
     <span class='ocr_line' id='line_1_14' title="bbox 53 1459 1052 1542; baseline 0.01 -28"><span class='ocrx_word' id='word_1_92' title='bbox 53 1459 228 1537; x_wconf 69' lang='lat' dir='ltr'>raritati,</span> <span class='ocrx_word' id='word_1_93' title='bbox 252 1462 334 1525; x_wconf 89' lang='lat' dir='ltr'>nisi</span> <span class='ocrx_word' id='word_1_94' title='bbox 356 1465 482 1526; x_wconf 90' lang='lat' dir='ltr'>ethos</span> <span class='ocrx_word' id='word_1_95' title='bbox 501 1465 804 1542; x_wconf 89' lang='lat' dir='ltr'>uelleputarem</span> <span class='ocrx_word' id='word_1_96' title='bbox 826 1472 865 1526; x_wconf 92' lang='lat' dir='ltr'>et</span> <span class='ocrx_word' id='word_1_97' title='bbox 887 1465 1052 1541; x_wconf 85' lang='lat' dir='ltr'>ipseru-</span> 
     </span>
     <span class='ocr_line' id='line_1_15' title="bbox 53 1547 1052 1627; baseline 0.005 -27"><span class='ocrx_word' id='word_1_98' title='bbox 53 1557 158 1619; x_wconf 85' lang='lat' dir='ltr'>peren,</span> <span class='ocrx_word' id='word_1_99' title='bbox 180 1554 213 1608; x_wconf 90' lang='lat' dir='ltr'>te</span> <span class='ocrx_word' id='word_1_100' title='bbox 234 1565 390 1625; x_wconf 92' lang='lat' dir='ltr'>quoquc</span> <span class='ocrx_word' id='word_1_101' title='bbox 415 1548 582 1625; x_wconf 87' lang='lat' dir='ltr'>aliquam</span> <span class='ocrx_word' id='word_1_102' title='bbox 606 1556 761 1627; x_wconf 90' lang='lat' dir='ltr'>partem</span> <span class='ocrx_word' id='word_1_103' title='bbox 778 1549 896 1610; x_wconf 93' lang='lat' dir='ltr'>huius</span> <span class='ocrx_word' id='word_1_104' title='bbox 920 1547 1052 1611; x_wconf 90' lang='lat' dir='ltr'>nostri</span> 
     </span>
     <span class='ocr_line' id='line_1_16' title="bbox 53 1630 1096 1709; baseline 0.006 -25"><span class='ocrx_word' id='word_1_105' title='bbox 53 1630 202 1693; x_wconf 87' lang='lat' dir='ltr'>sermonis</span> <span class='ocrx_word' id='word_1_106' title='bbox 223 1632 448 1708; x_wconf 79' lang='lat' dir='ltr'>attingere,</span> <span class='ocrx_word' id='word_1_107' title='bbox 478 1634 718 1709; x_wconf 89' lang='lat' dir='ltr'>praesertim</span> <span class='ocrx_word' id='word_1_108' title='bbox 749 1633 937 1694; x_wconf 91' lang='lat' dir='ltr'>cumheri</span> <span class='ocrx_word' id='word_1_109' title='bbox 969 1633 1053 1709; x_wconf 90' lang='lat' dir='ltr'>ipse</span> <span class='ocrx_word' id='word_1_110' title='bbox 1088 1675 1096 1690; x_wconf 81' lang='lat'>.</span> 
     </span>
     <span class='ocr_line' id='line_1_17' title="bbox 52 1709 1054 1795; baseline 0.008 -29"><span class='ocrx_word' id='word_1_111' title='bbox 52 1709 179 1791; x_wconf 87' lang='lat' dir='ltr'>dixeris,</span> <span class='ocrx_word' id='word_1_112' title='bbox 210 1717 386 1778; x_wconf 88' lang='lat' dir='ltr'>tenebis</span> <span class='ocrx_word' id='word_1_113' title='bbox 411 1717 524 1778; x_wconf 88' lang='lat' dir='ltr'>etiam</span> <span class='ocrx_word' id='word_1_114' title='bbox 547 1721 860 1795; x_wconf 83' lang='lat' dir='ltr'>superfuturum.</span> <span class='ocrx_word' id='word_1_115' title='bbox 906 1720 1054 1778; x_wconf 89' lang='lat' dir='ltr'>Verum</span> 
     </span>
     <span class='ocr_line' id='line_1_18' title="bbox 51 1791 1054 1878; baseline 0.002 -21"><span class='ocrx_word' id='word_1_116' title='bbox 51 1791 73 1850; x_wconf 85' lang='lat' dir='ltr'>id</span> <span class='ocrx_word' id='word_1_117' title='bbox 89 1798 218 1872; x_wconf 85' lang='lat' dir='ltr'>quidem</span> <span class='ocrx_word' id='word_1_118' title='bbox 240 1801 333 1863; x_wconf 83' lang='lat' dir='ltr'>fieri</span> <span class='ocrx_word' id='word_1_119' title='bbox 353 1820 430 1864; x_wconf 92' lang='lat' dir='ltr'>uon</span> <span class='ocrx_word' id='word_1_120' title='bbox 452 1810 610 1878; x_wconf 92' lang='lat' dir='ltr'>potest;</span> <span class='ocrx_word' id='word_1_121' title='bbox 638 1820 685 1864; x_wconf 91' lang='lat' dir='ltr'>ne</span> <span class='ocrx_word' id='word_1_122' title='bbox 708 1802 833 1876; x_wconf 90' lang='lat' dir='ltr'>desis,</span> <span class='ocrx_word' id='word_1_123' title='bbox 859 1818 991 1864; x_wconf 90' lang='lat' dir='ltr'>omnes</span> <span class='ocrx_word' id='word_1_124' title='bbox 1015 1807 1054 1860; x_wconf 89' lang='lat' dir='ltr'>te</span> 
     </span>
     <span class='ocr_line' id='line_1_19' title="bbox 50 1893 196 1954; baseline 0.075 -18"><span class='ocrx_word' id='word_1_125' title='bbox 50 1893 196 1954; x_wconf 77' lang='lat' dir='ltr'>rogamus.</span> 
     </span>
    </p>
   </div>
   <div class='ocr_carea' id='block_1_4' title="bbox 45 2017 1183 3196">
    <p class='ocr_par' dir='ltr' id='par_1_4' title="bbox 45 2017 1183 3196">
     <span class='ocr_line' id='line_1_20' title="bbox 90 2017 1080 2098; baseline 0.008 -22"><span class='ocrx_word' id='word_1_126' title='bbox 90 2017 233 2096; x_wconf 80' lang='lat' dir='ltr'>Exquisite</span> <span class='ocrx_word' id='word_1_127' title='bbox 253 2020 348 2097; x_wconf 82' lang='lat' dir='ltr'>igitur</span> <span class='ocrx_word' id='word_1_128' title='bbox 366 2028 397 2081; x_wconf 91' lang='lat' dir='ltr'>et</span> <span class='ocrx_word' id='word_1_129' title='bbox 421 2028 579 2098; x_wconf 87' lang='lat' dir='ltr'>comperte</span> <span class='ocrx_word' id='word_1_130' title='bbox 609 2019 733 2082; x_wconf 89' lang='lat' dir='ltr'>Iulius</span> <span class='ocrx_word' id='word_1_131' title='bbox 756 2020 901 2080; x_wconf 89' lang='lat' dir='ltr'>Paulus</span> <span class='ocrx_word' id='word_1_132' title='bbox 925 2017 1080 2094; x_wconf 84' lang='lat' dir='ltr'>dicebat,9</span> 
     </span>
     <span class='ocr_line' id='line_1_21' title="bbox 48 2097 1056 2181; baseline 0.006 -23"><span class='ocrx_word' id='word_1_133' title='bbox 48 2097 146 2163; x_wconf 89' lang='lat' dir='ltr'>ionoin</span> <span class='ocrx_word' id='word_1_134' title='bbox 157 2112 266 2167; x_wconf 91' lang='lat' dir='ltr'>nostra</span> <span class='ocrx_word' id='word_1_135' title='bbox 283 2105 432 2167; x_wconf 89' lang='lat' dir='ltr'>memoria</span> <span class='ocrx_word' id='word_1_136' title='bbox 449 2105 665 2179; x_wconf 91' lang='lat' dir='ltr'>doctissimus,</span> <span class='ocrx_word' id='word_1_137' title='bbox 679 2108 884 2181; x_wconf 77' lang='lat' dir='ltr'>‘superesse’</span> <span class='ocrx_word' id='word_1_138' title='bbox 904 2121 967 2165; x_wconf 93' lang='lat' dir='ltr'>non</span> <span class='ocrx_word' id='word_1_139' title='bbox 985 2102 1056 2166; x_wconf 87' lang='lat' dir='ltr'>sim-</span> 
     </span>
     <span class='ocr_line' id='line_1_22' title="bbox 48 2182 1055 2266; baseline 0.007 -26"><span class='ocrx_word' id='word_1_140' title='bbox 48 2182 94 2256; x_wconf 86' lang='lat' dir='ltr'>piri</span> <span class='ocrx_word' id='word_1_141' title='bbox 110 2188 219 2250; x_wconf 89' lang='lat' dir='ltr'>ratione</span> <span class='ocrx_word' id='word_1_142' title='bbox 238 2190 300 2250; x_wconf 89' lang='lat' dir='ltr'>diei</span> <span class='ocrx_word' id='word_1_143' title='bbox 318 2195 380 2250; x_wconf 88' lang='lat' dir='ltr'>tam</span> <span class='ocrx_word' id='word_1_144' title='bbox 398 2190 520 2264; x_wconf 85' lang='lat' dir='ltr'>Latine,</span> <span class='ocrx_word' id='word_1_145' title='bbox 543 2207 635 2266; x_wconf 87' lang='lat' dir='ltr'>quam</span> <span class='ocrx_word' id='word_1_146' title='bbox 657 2193 791 2251; x_wconf 81' lang='lat' dir='ltr'>Graece:</span> <span class='ocrx_word' id='word_1_147' title='bbox 819 2190 955 2251; x_wconf 89' lang='lat' dir='ltr'>Graecos</span> <span class='ocrx_word' id='word_1_148' title='bbox 976 2188 1055 2250; x_wconf 89' lang='lat' dir='ltr'>enim</span> 
     </span>
     <span class='ocr_line' id='line_1_23' title="bbox 47 2267 1056 2351; baseline 0.003 -23"><span class='ocrx_word' id='word_1_149' title='bbox 47 2267 205 2348; x_wconf 75' lang='lat' dir='ltr'>‘reprendo’</span> <span class='ocrx_word' id='word_1_150' title='bbox 225 2275 259 2336; x_wconf 92' lang='lat' dir='ltr'>in</span> <span class='ocrx_word' id='word_1_151' title='bbox 272 2281 434 2350; x_wconf 89' lang='lat' dir='ltr'>utramque</span> <span class='ocrx_word' id='word_1_152' title='bbox 456 2281 575 2351; x_wconf 91' lang='lat' dir='ltr'>partem</span> <span class='ocrx_word' id='word_1_153' title='bbox 587 2291 721 2351; x_wconf 91' lang='lat' dir='ltr'>ponere,</span> <span class='ocrx_word' id='word_1_154' title='bbox 739 2275 791 2334; x_wconf 91' lang='lat' dir='ltr'>uei</span> <span class='ocrx_word' id='word_1_155' title='bbox 811 2275 896 2350; x_wconf 91' lang='lat' dir='ltr'>quod</span> <span class='ocrx_word' id='word_1_156' title='bbox 908 2289 1056 2350; x_wconf 89' lang='lat' dir='ltr'>superua-</span> 
     </span>
     <span class='ocr_line' id='line_1_24' title="bbox 49 2356 1183 2436; baseline 0.006 -28"><span class='ocrx_word' id='word_1_157' title='bbox 49 2365 142 2417; x_wconf 85' lang='lat' dir='ltr'>caneum</span> <span class='ocrx_word' id='word_1_158' title='bbox 153 2368 237 2420; x_wconf 91' lang='lat' dir='ltr'>esset</span> <span class='ocrx_word' id='word_1_159' title='bbox 248 2375 287 2420; x_wconf 89' lang='lat' dir='ltr'>ao</span> <span class='ocrx_word' id='word_1_160' title='bbox 299 2376 362 2420; x_wconf 91' lang='lat' dir='ltr'>non</span> <span class='ocrx_word' id='word_1_161' title='bbox 373 2359 601 2432; x_wconf 88' lang='lat' dir='ltr'>necessarium,</span> <span class='ocrx_word' id='word_1_162' title='bbox 619 2362 670 2420; x_wconf 89' lang='lat' dir='ltr'>uei</span> <span class='ocrx_word' id='word_1_163' title='bbox 688 2357 774 2436; x_wconf 91' lang='lat' dir='ltr'>quod</span> <span class='ocrx_word' id='word_1_164' title='bbox 792 2360 954 2421; x_wconf 85' lang='lat' dir='ltr'>abundans</span> <span class='ocrx_word' id='word_1_165' title='bbox 966 2356 1055 2417; x_wconf 91' lang='lat' dir='ltr'>nimis</span> <span class='ocrx_word' id='word_1_166' title='bbox 1182 2425 1183 2428; x_wconf 8' lang='grc' dir='ltr'><strong>Ἴ</strong></span> 
     </span>
     <span class='ocr_line' id='line_1_25' title="bbox 45 2440 1099 2520; baseline 0.004 -24"><span class='ocrx_word' id='word_1_167' title='bbox 45 2440 184 2505; x_wconf 80' lang='lat' dir='ltr'>dasduens</span> <span class='ocrx_word' id='word_1_168' title='bbox 196 2450 228 2505; x_wconf 91' lang='lat' dir='ltr'>et</span> <span class='ocrx_word' id='word_1_169' title='bbox 239 2443 417 2504; x_wconf 85' lang='lat' dir='ltr'>exuberans</span> <span class='ocrx_word' id='word_1_170' title='bbox 426 2463 435 2516; x_wconf 84' lang='lat'><em>3</em></span> <span class='ocrx_word' id='word_1_171' title='bbox 457 2443 502 2504; x_wconf 92' lang='lat' dir='ltr'>sic</span> <span class='ocrx_word' id='word_1_172' title='bbox 514 2449 641 2505; x_wconf 90' lang='lat' dir='ltr'>nostros</span> <span class='ocrx_word' id='word_1_173' title='bbox 656 2460 783 2520; x_wconf 90' lang='lat' dir='ltr'>quoque</span> <span class='ocrx_word' id='word_1_174' title='bbox 794 2450 918 2505; x_wconf 89' lang='lat' dir='ltr'>ueteres</span> <span class='ocrx_word' id='word_1_175' title='bbox 931 2446 1057 2518; x_wconf 73' lang='lat' dir='ltr'>‘super-</span> <span class='ocrx_word' id='word_1_176' title='bbox 1065 2450 1099 2501; x_wconf 89' lang='lat'>10</span> 
     </span>
     <span class='ocr_line' id='line_1_26' title="bbox 46 2527 1056 2604; baseline 0.004 -22"><span class='ocrx_word' id='word_1_177' title='bbox 46 2530 109 2584; x_wconf 78' lang='lat' dir='ltr'>csse&#39;</span> <span class='ocrx_word' id='word_1_178' title='bbox 128 2528 197 2589; x_wconf 88' lang='lat' dir='ltr'>alias</span> <span class='ocrx_word' id='word_1_179' title='bbox 217 2528 338 2589; x_wconf 87' lang='lat' dir='ltr'>dixisse</span> <span class='ocrx_word' id='word_1_180' title='bbox 356 2544 414 2604; x_wconf 90' lang='lat' dir='ltr'>pro</span> <span class='ocrx_word' id='word_1_181' title='bbox 437 2527 641 2604; x_wconf 86' lang='lat' dir='ltr'>superfluenti</span> <span class='ocrx_word' id='word_1_182' title='bbox 659 2535 690 2588; x_wconf 92' lang='lat' dir='ltr'>et</span> <span class='ocrx_word' id='word_1_183' title='bbox 709 2529 820 2590; x_wconf 87' lang='lat' dir='ltr'>uaciuo</span> <span class='ocrx_word' id='word_1_184' title='bbox 837 2544 939 2603; x_wconf 93' lang='lat' dir='ltr'>neque</span> <span class='ocrx_word' id='word_1_185' title='bbox 951 2528 1056 2586; x_wconf 87' lang='lat' dir='ltr'>admo·</span> 
     </span>
     <span class='ocr_line' id='line_1_27' title="bbox 45 2601 1055 2689; baseline 0.004 -24"><span class='ocrx_word' id='word_1_186' title='bbox 45 2601 294 2686; x_wconf 86' lang='lat' dir='ltr'>dumnccessario,</span> <span class='ocrx_word' id='word_1_187' title='bbox 313 2613 356 2672; x_wconf 85' lang='lat' dir='ltr'>ita</span> <span class='ocrx_word' id='word_1_188' title='bbox 374 2617 515 2689; x_wconf 83' lang='lat' dir='ltr'>utsupra</span> <span class='ocrx_word' id='word_1_189' title='bbox 525 2613 689 2689; x_wconf 87' lang='lat' dir='ltr'>posuimus</span> <span class='ocrx_word' id='word_1_190' title='bbox 711 2614 923 2674; x_wconf 90' lang='lat' dir='ltr'>Varronem</span> <span class='ocrx_word' id='word_1_191' title='bbox 942 2611 1055 2682; x_wconf 88' lang='lat' dir='ltr'>dicere,</span> 
     </span>
     <span class='ocr_line' id='line_1_28' title="bbox 45 2691 1057 2774; baseline 0.007 -29"><span class='ocrx_word' id='word_1_192' title='bbox 45 2691 155 2771; x_wconf 83' lang='lat' dir='ltr'>aiiasita,</span> <span class='ocrx_word' id='word_1_193' title='bbox 172 2705 206 2758; x_wconf 91' lang='lat' dir='ltr'>ut</span> <span class='ocrx_word' id='word_1_194' title='bbox 219 2697 358 2758; x_wconf 87' lang='lat' dir='ltr'>Cicero</span> <span class='ocrx_word' id='word_1_195' title='bbox 379 2696 469 2771; x_wconf 88' lang='lat' dir='ltr'>dixit,</span> <span class='ocrx_word' id='word_1_196' title='bbox 487 2715 545 2774; x_wconf 90' lang='lat' dir='ltr'>pro</span> <span class='ocrx_word' id='word_1_197' title='bbox 559 2714 613 2771; x_wconf 92' lang='lat' dir='ltr'>eo,</span> <span class='ocrx_word' id='word_1_198' title='bbox 634 2697 720 2774; x_wconf 91' lang='lat' dir='ltr'>quod</span> <span class='ocrx_word' id='word_1_199' title='bbox 736 2697 826 2773; x_wconf 85' lang='lat' dir='ltr'>copia</span> <span class='ocrx_word' id='word_1_200' title='bbox 837 2696 962 2772; x_wconf 86' lang='lat' dir='ltr'>quidem</span> <span class='ocrx_word' id='word_1_201' title='bbox 974 2703 1005 2755; x_wconf 90' lang='lat' dir='ltr'>et</span> <span class='ocrx_word' id='word_1_202' title='bbox 1016 2695 1057 2753; x_wconf 84' lang='lat' dir='ltr'>fa-</span> 
     </span>
     <span class='ocr_line' id='line_1_29' title="bbox 46 2776 1057 2858; baseline 0.004 -27"><span class='ocrx_word' id='word_1_203' title='bbox 46 2777 126 2840; x_wconf 83' lang='lat' dir='ltr'>cultate</span> <span class='ocrx_word' id='word_1_204' title='bbox 139 2781 250 2843; x_wconf 91' lang='lat' dir='ltr'>ceteris</span> <span class='ocrx_word' id='word_1_205' title='bbox 263 2780 408 2854; x_wconf 87' lang='lat' dir='ltr'>anteiret,</span> <span class='ocrx_word' id='word_1_206' title='bbox 427 2797 523 2858; x_wconf 91' lang='lat' dir='ltr'>super</span> <span class='ocrx_word' id='word_1_207' title='bbox 541 2782 670 2843; x_wconf 91' lang='lat' dir='ltr'>modum</span> <span class='ocrx_word' id='word_1_208' title='bbox 681 2789 783 2842; x_wconf 92' lang='lat' dir='ltr'>tamen</span> <span class='ocrx_word' id='word_1_209' title='bbox 797 2787 828 2840; x_wconf 92' lang='lat' dir='ltr'>et</span> <span class='ocrx_word' id='word_1_210' title='bbox 838 2779 953 2856; x_wconf 77' lang='lat' dir='ltr'>largius</span> <span class='ocrx_word' id='word_1_211' title='bbox 966 2776 1057 2856; x_wconf 89' lang='lat' dir='ltr'>proli-</span> 
     </span>
     <span class='ocr_line' id='line_1_30' title="bbox 45 2859 1098 2942; baseline 0.007 -28"><span class='ocrx_word' id='word_1_212' title='bbox 45 2859 142 2939; x_wconf 89' lang='lat' dir='ltr'>xiusque</span> <span class='ocrx_word' id='word_1_213' title='bbox 153 2867 284 2940; x_wconf 86' lang='lat' dir='ltr'>flueret,</span> <span class='ocrx_word' id='word_1_214' title='bbox 298 2881 391 2942; x_wconf 84' lang='lat' dir='ltr'>quam</span> <span class='ocrx_word' id='word_1_215' title='bbox 403 2872 490 2926; x_wconf 92' lang='lat' dir='ltr'>esset</span> <span class='ocrx_word' id='word_1_216' title='bbox 501 2866 587 2927; x_wconf 91' lang='lat' dir='ltr'>satis.</span> <span class='ocrx_word' id='word_1_217' title='bbox 623 2865 680 2942; x_wconf 78' lang='lat' dir='ltr'>Qui</span> <span class='ocrx_word' id='word_1_218' title='bbox 692 2865 764 2926; x_wconf 92' lang='lat' dir='ltr'>dicit</span> <span class='ocrx_word' id='word_1_219' title='bbox 776 2880 851 2939; x_wconf 82' lang='lat' dir='ltr'>ergo</span> <span class='ocrx_word' id='word_1_220' title='bbox 872 2867 1098 2939; x_wconf 69' lang='lat' dir='ltr'>‘superessem</span> 
     </span>
     <span class='ocr_line' id='line_1_31' title="bbox 45 2944 1056 3027; baseline 0 -21"><span class='ocrx_word' id='word_1_221' title='bbox 45 2950 79 3000; x_wconf 79' lang='lat' dir='ltr'>tt&#39;</span> <span class='ocrx_word' id='word_1_222' title='bbox 89 2949 124 3023; x_wconf 89' lang='lat' dir='ltr'>ei,</span> <span class='ocrx_word' id='word_1_223' title='bbox 144 2968 236 3027; x_wconf 89' lang='lat' dir='ltr'>quem</span> <span class='ocrx_word' id='word_1_224' title='bbox 250 2949 406 3024; x_wconf 81' lang='lat' dir='ltr'>defendit,</span> <span class='ocrx_word' id='word_1_225' title='bbox 419 2949 492 3010; x_wconf 92' lang='lat' dir='ltr'>nihil</span> <span class='ocrx_word' id='word_1_226' title='bbox 504 2950 637 3012; x_wconf 89' lang='lat' dir='ltr'>istorum</span> <span class='ocrx_word' id='word_1_227' title='bbox 651 2951 719 3011; x_wconf 92' lang='lat' dir='ltr'>uult</span> <span class='ocrx_word' id='word_1_228' title='bbox 736 2947 856 3020; x_wconf 86' lang='lat' dir='ltr'>dicere,</span> <span class='ocrx_word' id='word_1_229' title='bbox 876 2948 933 3008; x_wconf 91' lang='lat' dir='ltr'>scd</span> <span class='ocrx_word' id='word_1_230' title='bbox 950 2944 1056 3008; x_wconf 89' lang='lat' dir='ltr'>nescio</span> 
     </span>
     <span class='ocr_line' id='line_1_32' title="bbox 45 3028 1099 3111; baseline 0.009 -24"><span class='ocrx_word' id='word_1_231' title='bbox 45 3028 93 3100; x_wconf 82' lang='lat' dir='ltr'>uuit</span> <span class='ocrx_word' id='word_1_232' title='bbox 108 3035 175 3096; x_wconf 88' lang='lat' dir='ltr'>aliut</span> <span class='ocrx_word' id='word_1_233' title='bbox 190 3035 344 3096; x_wconf 91' lang='lat' dir='ltr'>indictum</span> <span class='ocrx_word' id='word_1_234' title='bbox 361 3033 570 3111; x_wconf 88' lang='lat' dir='ltr'>inscitumque</span> <span class='ocrx_word' id='word_1_235' title='bbox 589 3035 676 3108; x_wconf 90' lang='lat' dir='ltr'>dicit,</span> <span class='ocrx_word' id='word_1_236' title='bbox 696 3050 732 3094; x_wconf 88' lang='lat' dir='ltr'>ae</span> <span class='ocrx_word' id='word_1_237' title='bbox 745 3049 784 3092; x_wconf 93' lang='lat' dir='ltr'>ne</span> <span class='ocrx_word' id='word_1_238' title='bbox 797 3030 971 3106; x_wconf 81' lang='lat' dir='ltr'>Vergilii</span> <span class='ocrx_word' id='word_1_239' title='bbox 994 3029 1099 3106; x_wconf 76' lang='lat' dir='ltr'>qui-12</span> 
     </span>
     <span class='ocr_line' id='line_1_33' title="bbox 45 3109 1036 3196; baseline -0.008 -16"><span class='ocrx_word' id='word_1_240' title='bbox 45 3109 205 3193; x_wconf 74' lang='lat' dir='ltr'>tltutpoterit</span> <span class='ocrx_word' id='word_1_241' title='bbox 224 3118 413 3180; x_wconf 89' lang='lat' dir='ltr'>auctoritate</span> <span class='ocrx_word' id='word_1_242' title='bbox 426 3119 485 3193; x_wconf 93' lang='lat' dir='ltr'>uti,</span> <span class='ocrx_word' id='word_1_243' title='bbox 506 3119 608 3196; x_wconf 90' lang='lat' dir='ltr'>quiin</span> <span class='ocrx_word' id='word_1_244' title='bbox 626 3116 827 3195; x_wconf 81' lang='lat' dir='ltr'>georgicis</span> <span class='ocrx_word' id='word_1_245' title='bbox 844 3116 887 3176; x_wconf 92' lang='lat' dir='ltr'>ita</span> <span class='ocrx_word' id='word_1_246' title='bbox 899 3115 1036 3181; x_wconf 87' lang='lat' dir='ltr'>scribsit:</span> 
     </span>
    </p>
   </div>
   <div class='ocr_carea' id='block_1_5' title="bbox 68 3234 1059 3398">
    <p class='ocr_par' dir='ltr' id='par_1_5' title="bbox 68 3234 1059 3398">
     <span class='ocr_line' id='line_1_34' title="bbox 68 3234 1059 3316; baseline -0.006 -20"><span class='ocrx_word' id='word_1_247' title='bbox 68 3235 203 3303; x_wconf 84' lang='lat' dir='ltr'>Primus</span> <span class='ocrx_word' id='word_1_248' title='bbox 228 3257 300 3315; x_wconf 80' lang='lat' dir='ltr'>ego</span> <span class='ocrx_word' id='word_1_249' title='bbox 324 3238 361 3300; x_wconf 90' lang='lat' dir='ltr'>in</span> <span class='ocrx_word' id='word_1_250' title='bbox 383 3238 549 3316; x_wconf 88' lang='lat' dir='ltr'>patriam</span> <span class='ocrx_word' id='word_1_251' title='bbox 571 3255 734 3312; x_wconf 88' lang='lat' dir='ltr'>mecum,</span> <span class='ocrx_word' id='word_1_252' title='bbox 758 3237 872 3299; x_wconf 91' lang='lat' dir='ltr'>modo</span> <span class='ocrx_word' id='word_1_253' title='bbox 895 3234 976 3295; x_wconf 86' lang='lat' dir='ltr'>uita</span> <span class='ocrx_word' id='word_1_254' title='bbox 998 3249 1059 3292; x_wconf 91' lang='lat' dir='ltr'>su-</span> 
     </span>
     <span class='ocr_line' id='line_1_35' title="bbox 689 3320 827 3398; baseline -0.029 -16"><span class='ocrx_word' id='word_1_255' title='bbox 689 3320 827 3398; x_wconf 89' lang='lat' dir='ltr'>persit.</span> 
     </span>
    </p>
   </div>
   <div class='ocr_carea' id='block_1_6' title="bbox 45 3447 1060 3682">
    <p class='ocr_par' dir='ltr' id='par_1_6' title="bbox 45 3447 1060 3682">
     <span class='ocr_line' id='line_1_36' title="bbox 45 3447 1060 3538; baseline -0.01 -19"><span class='ocrx_word' id='word_1_256' title='bbox 45 3447 89 3513; x_wconf 72' lang='lat' dir='ltr'>un</span> <span class='ocrx_word' id='word_1_257' title='bbox 100 3460 215 3521; x_wconf 90' lang='lat' dir='ltr'>enimin</span> <span class='ocrx_word' id='word_1_258' title='bbox 229 3463 302 3525; x_wconf 91' lang='lat' dir='ltr'>loco</span> <span class='ocrx_word' id='word_1_259' title='bbox 317 3459 524 3535; x_wconf 85' lang='lat' dir='ltr'>Vergilius</span> <span class='ocrx_word' id='word_1_260' title='bbox 544 3449 755 3538; x_wconf 77' lang='grc' dir='ltr'><em>ἆκυρότερον</em></span> <span class='ocrx_word' id='word_1_261' title='bbox 767 3473 805 3516; x_wconf 93' lang='lat' dir='ltr'>eo</span> <span class='ocrx_word' id='word_1_262' title='bbox 816 3455 915 3516; x_wconf 91' lang='lat' dir='ltr'>uerbo</span> <span class='ocrx_word' id='word_1_263' title='bbox 927 3467 1003 3513; x_wconf 91' lang='lat' dir='ltr'>usus</span> <span class='ocrx_word' id='word_1_264' title='bbox 1015 3449 1060 3510; x_wconf 93' lang='lat' dir='ltr'>ui-</span> 
     </span>
     <span class='ocr_line' id='line_1_37' title="bbox 45 3531 1059 3682; baseline 0.002 -92"><span class='ocrx_word' id='word_1_265' title='bbox 45 3531 120 3612; x_wconf 83' lang='lat' dir='ltr'>tetur,</span> <span class='ocrx_word' id='word_1_266' title='bbox 132 3545 217 3622; x_wconf 86' lang='lat' dir='ltr'>quod</span> <span class='ocrx_word' id='word_1_267' title='bbox 237 3544 418 3623; x_wconf 87' lang='lat' dir='ltr'>supersit</span> <span class='ocrx_word' id='word_1_268' title='bbox 438 3544 512 3605; x_wconf 88' lang='lat' dir='ltr'>dixit</span> <span class='ocrx_word' id='word_1_269' title='bbox 524 3561 581 3621; x_wconf 91' lang='lat' dir='ltr'>pro</span> <span class='ocrx_word' id='word_1_270' title='bbox 594 3540 806 3616; x_wconf 72' lang='lat' dir='ltr'>‘longinquius</span> <span class='ocrx_word' id='word_1_271' title='bbox 811 3537 994 3682; x_wconf 51' lang='lat' dir='ltr'>{bubusque</span> <span class='ocrx_word' id='word_1_272' title='bbox 1008 3534 1059 3592; x_wconf 89' lang='lat' dir='ltr'>ad·</span> 
     </span>
    </p>
   </div>
   <div class='ocr_carea' id='block_1_7' title="bbox 0 0 1232 3918">
    <p class='ocr_par' dir='ltr' id='par_1_7' title="bbox 0 0 1232 3918">
     <span class='ocr_line' id='line_1_38' title="bbox 0 0 1232 3918; baseline 0 5"><span class='ocrx_word' id='word_1_273' title='bbox 0 0 1232 3918; x_wconf 95' lang='lat' dir='ltr'> </span> 
     </span>
    </p>
   </div>
  </div>
 </body>
</html>
