2490 3926
392 745 437 840 Α.
471 748 693 848 tuttll

50 945 259 1063 tttttttt
296 950 609 1066 tttttttttlt
650 954 810 1072 ttttltt
843 956 1058 1074 rttttttt.

528 1319 553 1388 1.

49 1465 107 1532 Quali
120 1473 298 1544 proportione
320 1475 475 1548 quibusque
494 1476 702 1532 collectionibus
719 1476 883 1533 Plutarchus
904 1477 1058 1534 ratiocina-

77 1559 121 1608 tum
131 1571 192 1612 esse
203 1558 396 1630 Pythagoram
413 1560 613 1632 philosophum
625 1560 726 1616 dixerit
743 1561 778 1618 de
791 1560 1058 1634 comprehendenda

76 1641 184 1710 corporis
195 1643 375 1714 proceritate,
389 1661 444 1716 qua
455 1646 505 1700 luit
516 1645 660 1713 Hercules,
674 1662 738 1702 cum
748 1648 833 1702 uitam
845 1647 916 1702 inter
928 1646 1056 1702 homines

78 1723 177 1778 uiueret.

94 1847 335 1967 Plutarchus
358 1907 389 1968 in
402 1908 494 1980 libro,
518 1923 608 1982 quem
622 1907 661 1967 de
673 1906 829 1979 Herculis,
853 1909 1078 1981 quantumin-l

46 1990 78 2042 ter
94 1986 223 2050 homines
248 1989 320 2065 fuit,
343 1991 434 2052 animi
457 1991 661 2067 corporisque
679 1990 802 2066 ingenio
826 1995 924 2068 atquo
940 1991 1057 2054 uirtuti·

46 2065 85 2128 bus
109 2073 305 2151 conseripsit,
335 2075 412 2137 scite
441 2075 654 2151 subtiliterque
681 2074 895 2136 ratiocinatum
916 2075 1056 2153 Pytha-

46 2165 143 2223 goram
173 2159 397 2237 philosophum
431 2159 503 2222 dicit
530 2159 561 2220 in
590 2159 773 2238 reperienda
806 2159 1056 2238 modulandaque

46 2240 117 2300 status
147 2243 413 2321 longitudinisque
448 2244 514 2306 eius
549 2244 746 2320 praestantia.
790 2245 866 2304 Nam
895 2261 964 2306 cum
994 2248 1086 2314 teron

47 2331 186 2401 constaret,
211 2328 399 2390 curriculum
421 2329 526 2401 stadii,
563 2329 648 2404 quod
672 2335 720 2390 est
740 2327 819 2390 Pisis
842 2329 926 2404 apud
948 2330 1054 2391 Iouem

47 2401 204 2485 Olympium,
228 2414 395 2475 Herculem
417 2413 550 2490 pedibus
574 2411 638 2473 suis
661 2419 807 2473 metatum
829 2410 924 2487 idque
941 2413 1054 2476 iecisse

46 2486 142 2564 longum
172 2497 274 2572 pedes
307 2506 486 2572 sescentos,
521 2503 624 2557 eetera
651 2513 776 2572 quoque
799 2496 899 2556 stadia
919 2496 950 2557 in
972 2506 1055 2559 terra

47 2571 156 2652 Graecia,
192 2581 231 2640 ab
261 2581 328 2643 aliis
361 2591 475 2659 postea
507 2580 663 2655 instituta,
698 2582 812 2658 pedum
836 2579 960 2656 quidem
983 2598 1055 2643 esse

47 2671 144 2724 numero
178 2673 373 2740 sescentum,
406 2669 464 2728 sed
491 2671 593 2726 amen
633 2681 705 2726 esse
737 2665 958 2740 aliquantulum
985 2666 1053 2725 bre-

48 2739 120 2817 uiora,
152 2749 242 2810 tacite
269 2749 432 2825 intellexit,
461 2750 587 2810 modum
614 2749 809 2825 spatiumque
831 2751 954 2824 plantae
978 2751 1050 2810 Her-

49 2826 113 2900 culis,
142 2833 262 2895 ratione
297 2834 508 2912 proportionis
540 2832 663 2907 habita,
703 2839 787 2894 tanto
829 2831 926 2894 luisse
960 2850 1053 2910 quam

48 2907 147 2974 tliomm
167 2917 345 2994 procerius,
369 2925 483 2996 quanto
501 2917 694 2996 Olympicum
711 2917 844 2979 stadium
861 2916 983 2993 longius
1005 2936 1053 2980 es-

48 2999 80 3051 set
98 3014 178 3072 quam
196 3010 310 3064 cetera.
357 3004 586 3080 Comprehensa
608 3009 711 3063 autem
728 3018 873 3063 mensura
888 3002 1082 3065 Herculani3

49 3078 125 3154 pedis,
146 3095 258 3160 quanta
269 3087 477 3165 longinquitas
491 3087 632 3163 corporis
645 3086 673 3146 ei
690 3103 853 3147 mensurae
873 3087 1054 3149 conueniret

50 3166 187 3230 secundum
210 3175 380 3233 naturalem
403 3172 609 3233 membrorum
628 3169 763 3232 omnium
778 3170 858 3232 inter
876 3188 911 3232 se
929 3188 1052 3247 compe-

50 3247 143 3310 tentiam
156 3255 423 3331 modificatusest,
443 3263 536 3332 atque
547 3255 588 3316 ita
599 3255 631 3314 id
643 3255 780 3331 collegit,
805 3256 890 3331 quod
902 3263 969 3315 erat
981 3271 1052 3316 eorr-

50 3340 169 3409 Sltuens
191 3345 275 3403 tanto
296 3342 393 3402 luisse
409 3342 573 3401 Herculem
590 3355 723 3415 corpore
741 3339 945 3400 excelsiorem
959 3355 1052 3414 quam

51 3411 117 3490 ulios,
139 3432 248 3496 quanto
261 3425 455 3504 Olympicum
474 3423 606 3486 stadium
619 3423 729 3484 ceteris
741 3422 808 3499 pari
820 3440 948 3484 numero
963 3423 1051 3485 laetis

51 3500 159 3564 anteiret.
577 3515 579 3520 '

846 3589 888 3650 3*
