2456 3918
499 175 521 234 l.
540 192 615 236 xxv.
1034 177 1074 242 71

505 342 603 406 XXV.

62 473 148 540 Quibus
160 471 244 527 uerbis
256 470 294 525 Μ.
307 469 400 525 Varro
412 469 535 526 indutias
550 470 707 542 definierit3
726 473 938 544 quaesitumque
950 473 1016 530 inibi
1030 489 1075 527 cu·

186 549 301 625 riosius,
318 570 458 626 quaenam
467 555 539 612 ratio
553 556 588 612 sit
598 557 729 614 uocabuli
742 556 923 612 indutiarum.

109 684 335 748 buobusmodis
351 686 393 746 M.
414 683 586 748 Varroin
609 685 709 749 libro
731 687 999 760 humanarum
1023 687 1098 763 quil

54 769 324 832 estdebelloet
340 785 452 846 pace
475 769 691 832 ‘indutiae’
706 770 867 848 quidsint,
840 770 998 832 tdeflnit.
1018 773 1077 832 ln·

37 837 167 916 ituriae
184 859 275 914 sunt
282 853 422 930 ,inquit,
434 855 745 931 paxcastrensis
762 871 977 952 paucorum
998 854 1077 916 die·

51 955 127 998 rum.
148 937 494 1000 ltemalioinloco:
515 938 826 1013 indutiaesunt,
845 938 961 1016 inquit,
981 939 1101 1002 bellis

50 1022 165 1083 leriae.
189 1023 250 1084 Sed
261 1021 382 1099 leprdae
394 1021 532 1100 magisat
534 1040 594 1100 que
605 1023 759 1086 mcundue
770 1022 930 1084 breuitatis
941 1031 1101 1100 utraquea

51 1106 185 1180 delinitio,
208 1123 300 1184 quarn
317 1109 411 1184 plana
427 1113 479 1168 aut
501 1108 601 1184 proba
620 1125 692 1171 esse
712 1107 845 1170 uidetur.
882 1108 958 1170 Nam
971 1117 1100 1184 nequet

49 1197 57 1226 ι
63 1197 131 1267 pux'
143 1198 190 1252 est
199 1190 349 1265 indutiae,
361 1191 474 1253 bellurn
488 1192 569 1253 enim
581 1199 700 1266 manet,
713 1208 819 1269 pugna
831 1199 951 1266 cessat,
971 1209 1075 1268 neque

47 1275 148 1337 insolis
159 1275 267 1338 castris
280 1291 382 1352 neque
400 1281 609 1353 ‘paucorum’
626 1282 745 1338 tantum
764 1275 922 1337 ‘dierum'
938 1276 1074 1338 indutiae

46 1367 115 1421 sunt.
147 1359 224 1436 Quid
241 1359 321 1422 enim
339 1360 495 1436 dicemus,
517 1361 545 1423 si
561 1359 687 1423 indutiis
700 1378 842 1424 mensum
854 1361 973 1438 aliquot
986 1360 1097 1424 lactist
1137 1399 1140 1408 ·

44 1445 68 1504 in
88 1445 199 1521 oppida
217 1444 326 1506 castris
347 1447 560 1508 concedatur?
582 1463 686 1508 nonne
704 1453 770 1507 turn
791 1463 918 1522 quoque
937 1443 1074 1507 indutiae

44 1532 124 1590 sunt?
146 1535 198 1590 aut
214 1547 323 1591 rursus
335 1530 410 1606 quid
421 1547 494 1594 esse
505 1531 538 1591 id
550 1530 707 1605 dicemus,
721 1531 807 1607 quod
818 1530 849 1591 in
868 1529 993 1606 primo
1013 1537 1100 1591 ιιι-6

43 1614 174 1675 nulium
194 1613 445 1690 Quadrigarii
464 1615 689 1692 scriptumest,
704 1615 736 1676 C.
750 1614 1075 1677 PontiumSamnitem

42 1699 209 1761 adictatorc
221 1701 363 1762 Romano
380 1717 437 1761 sex
448 1701 595 1763 horarum
613 1699 747 1762 indutias
768 1699 966 1776 postulasse,
987 1697 1014 1760 si
1031 1695 1075 1757 in-

42 1783 130 1843 dutiae
169 1789 378 1860 ‘paucorum’
411 1791 530 1847 tanturn
563 1785 722 1846 ‘uberum’
753 1783 957 1860 appellandae
981 1783 1076 1844 sunt?

41 1867 142 1927 ‘Belli’
154 1874 258 1930 autern
272 1869 401 1930 ‘lorias'
416 1869 527 1931 festiue
539 1869 637 1946 magis
650 1866 739 1942 dixit,
759 1883 851 1942 quam
864 1873 972 1943 aperte
984 1873 1100 1941 atquel

39 1952 161 2014 definite.

92 2037 202 2099 Graeci
221 2043 323 2098 autem
342 2037 565 2114 significantius
579 2037 856 2115 consignatiusque
869 2050 960 2096 cessa
960 2032 1101 2097 tionem&

36 2119 114 2182 bun
131 2139 262 2219 pugnae
278 2123 440 2200 pacticiam
460 2119 682 2204 inexceptao’
703 2122 863 2194 dixerunt,
883 2125 1028 2195 exempta
1044 2117 1076 2179 li-

34 2212 91 2266 tera
101 2224 164 2268 una
175 2206 300 2269 sonitus
312 2207 458 2269 uastioris
473 2215 504 2268 et
522 2208 647 2270 subdita
663 2205 801 2269 lenioris.
832 2206 908 2266 Nam
930 2203 1015 2280 quod
1039 2212 1101 2268 cot

33 2295 166 2368 ternpore
185 2308 251 2353 non
271 2299 429 2368 pugnetur
440 2298 472 2352 et
488 2310 598 2355 manus
616 2292 780 2354 cohibeant
767 2298 834 2364 t,ur
854 2285 1075 2368 ‘tusxsaou'uv’

32 2378 233 2450 appellarunt.
259 2375 323 2436 Sed
335 2394 392 2453 pro
396 2378 477 2438 lecto
494 2395 557 2438 non
571 2377 604 2438 id
616 2373 851 2439 luitVarroni
863 2371 1032 2449 negotium,
1044 2379 1079 2432 ut
1086 2385 1119 2438 10

30 2455 157 2521 indutias
171 2459 395 2537 superstitiose
408 2460 549 2522 deliniret
561 2470 592 2522 et
603 2461 724 2537 legibus
736 2458 971 2533 rationibusque
981 2455 1076 2518 omni·
1196 2525 1197 2550 ,

29 2541 79 2603 bus
92 2545 315 2606 definitionum
326 2544 501 2607 inseruiret.
538 2546 620 2608 Satis
633 2545 714 2608 enim
724 2544 826 2606 uuisurn
838 2549 902 2615 est,
922 2539 1113 2604 eiusmodill
1196 2561 1197 2568 ¹

28 2627 124 2690 lacere
135 2629 450 2706 demonstrationem,
463 2631 548 2704 quod
559 2647 659 2706 genus
672 2627 781 2692 Graeci
795 2623 962 2698 ‘adsone'
976 2624 1074 2700 magis
1195 2627 1196 2643 ¹

28 2717 53 2770 et
70 2706 328 2794 ‘baoppapupq
345 2731 437 2790 quam
450 2706 645 2794 ‘becapolis’
661 2721 785 2777 uocant.

82 2799 321 2860 ‘Indutiarurn’
344 2806 447 2861 autern
466 2800 654 2861 uocabulum
673 2816 734 2876 qua
755 2796 794 2858 sit
813 2795 934 2859 ratione
951 2797 1076 2869 lactum,
1086 2804 1119 2857 12
1191 2799 1193 2806 '

25 2877 147 2944 iamdiu
167 2890 236 2958 est,
250 2900 320 2945 cum
333 2884 520 2960 quaerimus.
557 2884 621 2945 Sed
636 2901 675 2944 ex
687 2881 806 2954 multis
830 2897 910 2956 quae
929 2883 981 2942 uel
993 2879 1077 2941 audi·
1086 2887 1119 2942 13

27 2982 87 3027 utus
100 2970 157 3029 uel
170 2967 321 3046 legimus,
342 2968 533 3046 probabilius
546 2969 591 3043 id,
613 2969 697 3046 quod
711 2967 825 3040 dicam,
845 2965 978 3028 uidetur.
1013 2967 1077 3025 εΙιι-
1086 2971 1119 3027 14

25 3049 144 3113 dubas’
167 3053 217 3115 sic
234 3054 333 3114 dictas
346 3053 542 3127 arbitramur,
563 3052 652 3129 quasi
671 3060 704 3114 tu
724 3051 810 3112 dicas
829 3049 919 3112 ‘inde
931 3051 974 3112 uti
986 3051 1075 3112 iam’.
1181 3075 1182 3078 ¹

23 3133 149 3198 Pactum
169 3139 360 3200 indutiarum
378 3137 530 3200 eiusmodi
541 3144 603 3210 est,
619 3143 654 3198 ut
665 3137 696 3197 in
708 3136 788 3197 diem
807 3142 924 3197 certum
943 3153 1005 3198 non
1025 3149 1078 3208 pu-
1086 3142 1119 3195 15

23 3227 134 3288 bssebur
150 3223 295 3302 nihilque
307 3223 518 3286 incommodet
507 3229 570 3296 t,ur
590 3223 647 3283 sed
660 3239 699 3283 ex
722 3239 759 3282 eo
773 3221 822 3281 die
833 3227 907 3295 post
909 3236 946 3280 ea
894 3219 1001 3280 tuti
1017 3219 1078 3277 ium

24 3305 129 3365 omnia
140 3307 239 3368 belli'
231 3327 298 3370 rure
310 3314 452 3384 aguntur
487 3308 577 3384 Quod
588 3305 680 3382 igitur
694 3305 761 3366 dics
779 3311 882 3367 certus
900 3302 1120 3378 praefiniturro

24 3395 80 3456 pao
63 3394 220 3468 tumque
238 3394 287 3467 at,
305 3399 339 3454 ut
358 3398 411 3453 ant
413 3409 514 3453 ecum
526 3392 607 3452 duem
619 3408 658 3451 ne
670 3397 841 3466 pugnetur
858 3387 976 3463 atque
969 3405 996 3448 rs
1011 3386 1077 3448 dies
1174 3462 1180 3472 ι

24 3467 201 3536 ubiuenit
208 3475 280 3538 1nde
290 3476 353 3538 utu
345 3493 406 3537 ram
413 3481 601 3552 ’,pugnetur
620 3474 736 3536 idcirco
750 3473 848 3534 exhis
856 3470 991 3548 ,quibus
1005 3471 1078 3538 dixi
