<?xml version="1.0" encoding="UTF-8"?>
<!DOCTYPE html PUBLIC "-//W3C//DTD XHTML 1.0 Transitional//EN"
    "http://www.w3.org/TR/xhtml1/DTD/xhtml1-transitional.dtd">
<html xmlns="http://www.w3.org/1999/xhtml" xml:lang="en" lang="en">
 <head>
  <title>
</title>
<meta http-equiv="Content-Type" content="text/html;charset=utf-8" />
  <meta name='ocr-system' content='tesseract 3.04.00' />
  <meta name='ocr-capabilities' content='ocr_page ocr_carea ocr_par ocr_line ocrx_word'/>
</head>
<body>
  <div class='ocr_page' id='page_1' title='image "agelliinoctivma03gellgoog_0137.png"; bbox 0 0 2456 3918; ppageno 0'>
   <div class='ocr_carea' id='block_1_1' title="bbox 169 184 735 413">
    <p class='ocr_par' dir='ltr' id='par_1_1' title="bbox 169 184 735 413">
     <span class='ocr_line' id='line_1_1' title="bbox 169 184 735 252; baseline -0.014 -1"><span class='ocrx_word' id='word_1_1' title='bbox 169 185 230 252; x_wconf 73' lang='lat'>114</span> <span class='ocrx_word' id='word_1_2' title='bbox 635 184 684 245; x_wconf 91' lang='lat' dir='ltr'>lll.</span> <span class='ocrx_word' id='word_1_3' title='bbox 701 199 735 243; x_wconf 93' lang='lat' dir='ltr'>u.</span> 
     </span>
     <span class='ocr_line' id='line_1_2' title="bbox 664 351 701 413; baseline -0.054 0"><span class='ocrx_word' id='word_1_4' title='bbox 664 351 701 413; x_wconf 90' lang='lat' dir='ltr'>lt.</span> 
     </span>
    </p>
   </div>
   <div class='ocr_carea' id='block_1_2' title="bbox 168 471 1189 968">
    <p class='ocr_par' dir='ltr' id='par_1_2' title="bbox 168 471 1189 968">
     <span class='ocr_line' id='line_1_3' title="bbox 168 471 1178 549; baseline -0.003 -16"><span class='ocrx_word' id='word_1_5' title='bbox 168 477 322 549; x_wconf 81' lang='lat' dir='ltr'>Quemnam</span> <span class='ocrx_word' id='word_1_6' title='bbox 338 489 403 531; x_wconf 87' lang='lat' dir='ltr'>esse</span> <span class='ocrx_word' id='word_1_7' title='bbox 421 474 543 530; x_wconf 86' lang='lat' dir='ltr'>natalem</span> <span class='ocrx_word' id='word_1_8' title='bbox 557 473 630 529; x_wconf 91' lang='lat' dir='ltr'>diem</span> <span class='ocrx_word' id='word_1_9' title='bbox 645 473 683 528; x_wconf 88' lang='grc' dir='ltr'>Μ.</span> <span class='ocrx_word' id='word_1_10' title='bbox 697 473 788 528; x_wconf 87' lang='lat' dir='ltr'>Varro</span> <span class='ocrx_word' id='word_1_11' title='bbox 801 471 885 542; x_wconf 83' lang='lat' dir='ltr'>dieat,</span> <span class='ocrx_word' id='word_1_12' title='bbox 902 471 949 546; x_wconf 89' lang='lat' dir='ltr'>qui</span> <span class='ocrx_word' id='word_1_13' title='bbox 966 479 1028 528; x_wconf 87' lang='lat' dir='ltr'>ante</span> <span class='ocrx_word' id='word_1_14' title='bbox 1047 473 1133 528; x_wconf 87' lang='lat' dir='ltr'>noetis</span> <span class='ocrx_word' id='word_1_15' title='bbox 1147 473 1178 530; x_wconf 89' lang='lat' dir='ltr'>ho</span> 
     </span>
     <span class='ocr_line' id='line_1_4' title="bbox 210 556 1188 630; baseline -0.002 -14"><span class='ocrx_word' id='word_1_16' title='bbox 210 577 269 618; x_wconf 87' lang='lat' dir='ltr'>ram</span> <span class='ocrx_word' id='word_1_17' title='bbox 290 565 398 615; x_wconf 80' lang='lat' dir='ltr'>sextam</span> <span class='ocrx_word' id='word_1_18' title='bbox 419 563 518 630; x_wconf 89' lang='lat' dir='ltr'>postue</span> <span class='ocrx_word' id='word_1_19' title='bbox 539 573 601 613; x_wconf 86' lang='lat' dir='ltr'>eam</span> <span class='ocrx_word' id='word_1_20' title='bbox 618 557 674 612; x_wconf 91' lang='lat' dir='ltr'>nati</span> <span class='ocrx_word' id='word_1_21' title='bbox 692 562 771 626; x_wconf 87' lang='lat' dir='ltr'>sunt;</span> <span class='ocrx_word' id='word_1_22' title='bbox 795 562 877 629; x_wconf 89' lang='lat' dir='ltr'>atque</span> <span class='ocrx_word' id='word_1_23' title='bbox 895 556 963 614; x_wconf 91' lang='lat' dir='ltr'>inibi</span> <span class='ocrx_word' id='word_1_24' title='bbox 980 556 1014 614; x_wconf 92' lang='lat' dir='ltr'>de</span> <span class='ocrx_word' id='word_1_25' title='bbox 1033 559 1188 630; x_wconf 88' lang='lat' dir='ltr'>temporibus</span> 
     </span>
     <span class='ocr_line' id='line_1_5' title="bbox 211 641 1187 714; baseline -0.006 -14"><span class='ocrx_word' id='word_1_26' title='bbox 211 645 391 714; x_wconf 70' lang='lat' dir='ltr'>terminisque</span> <span class='ocrx_word' id='word_1_27' title='bbox 414 641 538 709; x_wconf 88' lang='lat' dir='ltr'>dierum,</span> <span class='ocrx_word' id='word_1_28' title='bbox 562 642 609 713; x_wconf 90' lang='lat' dir='ltr'>qui</span> <span class='ocrx_word' id='word_1_29' title='bbox 631 641 731 697; x_wconf 83' lang='lat' dir='ltr'>ciuiles</span> <span class='ocrx_word' id='word_1_30' title='bbox 750 642 929 697; x_wconf 83' lang='lat' dir='ltr'>nominamur</span> <span class='ocrx_word' id='word_1_31' title='bbox 951 648 978 698; x_wconf 91' lang='lat' dir='ltr'>et</span> <span class='ocrx_word' id='word_1_32' title='bbox 1002 658 1187 714; x_wconf 81' lang='lat' dir='ltr'>usquequaque</span> 
     </span>
     <span class='ocr_line' id='line_1_6' title="bbox 209 724 1188 804; baseline -0.004 -18"><span class='ocrx_word' id='word_1_33' title='bbox 209 729 334 804; x_wconf 83' lang='lat' dir='ltr'>gentium</span> <span class='ocrx_word' id='word_1_34' title='bbox 355 726 433 782; x_wconf 91' lang='lat' dir='ltr'>uarie</span> <span class='ocrx_word' id='word_1_35' title='bbox 451 727 652 794; x_wconf 81' lang='lat' dir='ltr'>obseruanlur3</span> <span class='ocrx_word' id='word_1_36' title='bbox 673 731 700 780; x_wconf 92' lang='lat' dir='ltr'>et</span> <span class='ocrx_word' id='word_1_37' title='bbox 717 732 865 796; x_wconf 81' lang='lat' dir='ltr'>praeterea</span> <span class='ocrx_word' id='word_1_38' title='bbox 881 724 948 797; x_wconf 91' lang='lat' dir='ltr'>quid</span> <span class='ocrx_word' id='word_1_39' title='bbox 963 725 997 794; x_wconf 79' lang='lat' dir='ltr'>Q.</span> <span class='ocrx_word' id='word_1_40' title='bbox 1011 727 1119 782; x_wconf 84' lang='lat' dir='ltr'>lllueius</span> <span class='ocrx_word' id='word_1_41' title='bbox 1134 728 1188 782; x_wconf 84' lang='lat' dir='ltr'>sori·</span> 
     </span>
     <span class='ocr_line' id='line_1_7' title="bbox 208 809 1189 886; baseline -0.005 -17"><span class='ocrx_word' id='word_1_42' title='bbox 208 813 297 886; x_wconf 89' lang='lat' dir='ltr'>pserit</span> <span class='ocrx_word' id='word_1_43' title='bbox 311 827 396 882; x_wconf 89' lang='lat' dir='ltr'>super</span> <span class='ocrx_word' id='word_1_44' title='bbox 412 826 446 864; x_wconf 88' lang='lat' dir='ltr'>ea</span> <span class='ocrx_word' id='word_1_45' title='bbox 462 810 595 876; x_wconf 88' lang='lat' dir='ltr'>muliere,</span> <span class='ocrx_word' id='word_1_46' title='bbox 613 825 685 881; x_wconf 90' lang='lat' dir='ltr'>quae</span> <span class='ocrx_word' id='word_1_47' title='bbox 700 824 718 863; x_wconf 94' lang='lat' dir='ltr'>a</span> <span class='ocrx_word' id='word_1_48' title='bbox 732 809 831 865; x_wconf 90' lang='lat' dir='ltr'>marito</span> <span class='ocrx_word' id='word_1_49' title='bbox 844 826 901 865; x_wconf 92' lang='lat' dir='ltr'>non</span> <span class='ocrx_word' id='word_1_50' title='bbox 920 811 980 866; x_wconf 89' lang='lat' dir='ltr'>iure</span> <span class='ocrx_word' id='word_1_51' title='bbox 995 827 1026 867; x_wconf 90' lang='lat' dir='ltr'>se</span> <span class='ocrx_word' id='word_1_52' title='bbox 1042 812 1189 882; x_wconf 84' lang='lat' dir='ltr'>usurparis·</span> 
     </span>
     <span class='ocr_line' id='line_1_8' title="bbox 210 892 919 968; baseline -0.007 -15"><span class='ocrx_word' id='word_1_53' title='bbox 210 902 260 964; x_wconf 87' lang='lat' dir='ltr'>set,</span> <span class='ocrx_word' id='word_1_54' title='bbox 276 894 352 968; x_wconf 89' lang='lat' dir='ltr'>quod</span> <span class='ocrx_word' id='word_1_55' title='bbox 366 895 502 950; x_wconf 88' lang='lat' dir='ltr'>rationem</span> <span class='ocrx_word' id='word_1_56' title='bbox 518 894 609 950; x_wconf 83' lang='lat' dir='ltr'>ciuilis</span> <span class='ocrx_word' id='word_1_57' title='bbox 626 893 692 948; x_wconf 90' lang='lat' dir='ltr'>anni</span> <span class='ocrx_word' id='word_1_58' title='bbox 708 909 765 948; x_wconf 92' lang='lat' dir='ltr'>non</span> <span class='ocrx_word' id='word_1_59' title='bbox 780 892 919 950; x_wconf 87' lang='lat' dir='ltr'>habuerit.</span> 
     </span>
    </p>
   </div>
   <div class='ocr_carea' id='block_1_3' title="bbox 136 1021 1212 3536">
    <p class='ocr_par' dir='ltr' id='par_1_3' title="bbox 145 1021 1189 1187">
     <span class='ocr_line' id='line_1_9' title="bbox 145 1021 1189 1101; baseline -0.005 -15"><span class='ocrx_word' id='word_1_60' title='bbox 145 1043 160 1096; x_wconf 92' lang='lat' dir='ltr'>l</span> <span class='ocrx_word' id='word_1_61' title='bbox 231 1023 341 1101; x_wconf 81' lang='lat' dir='ltr'>Quaeri</span> <span class='ocrx_word' id='word_1_62' title='bbox 358 1024 483 1087; x_wconf 90' lang='lat' dir='ltr'>solitum</span> <span class='ocrx_word' id='word_1_63' title='bbox 500 1030 560 1097; x_wconf 91' lang='lat' dir='ltr'>est,</span> <span class='ocrx_word' id='word_1_64' title='bbox 582 1023 634 1100; x_wconf 94' lang='lat' dir='ltr'>qui</span> <span class='ocrx_word' id='word_1_65' title='bbox 650 1021 751 1086; x_wconf 90' lang='lat' dir='ltr'>noetis</span> <span class='ocrx_word' id='word_1_66' title='bbox 769 1025 847 1086; x_wconf 89' lang='lat' dir='ltr'>hora</span> <span class='ocrx_word' id='word_1_67' title='bbox 863 1023 954 1085; x_wconf 84' lang='lat' dir='ltr'>tertia</span> <span class='ocrx_word' id='word_1_68' title='bbox 971 1030 1120 1100; x_wconf 90' lang='lat' dir='ltr'>quartaue</span> <span class='ocrx_word' id='word_1_69' title='bbox 1134 1021 1189 1084; x_wconf 88' lang='lat' dir='ltr'>siue</span> 
     </span>
     <span class='ocr_line' id='line_1_10' title="bbox 168 1107 1189 1187; baseline -0.002 -18"><span class='ocrx_word' id='word_1_70' title='bbox 168 1127 229 1187; x_wconf 71' lang='lat' dir='ltr'>iqua</span> <span class='ocrx_word' id='word_1_71' title='bbox 249 1108 309 1170; x_wconf 87' lang='lat' dir='ltr'>alia</span> <span class='ocrx_word' id='word_1_72' title='bbox 323 1107 386 1168; x_wconf 87' lang='lat' dir='ltr'>nati</span> <span class='ocrx_word' id='word_1_73' title='bbox 400 1114 486 1181; x_wconf 88' lang='lat' dir='ltr'>sunt,</span> <span class='ocrx_word' id='word_1_74' title='bbox 506 1115 576 1168; x_wconf 92' lang='lat' dir='ltr'>uter</span> <span class='ocrx_word' id='word_1_75' title='bbox 595 1108 661 1170; x_wconf 91' lang='lat' dir='ltr'>dies</span> <span class='ocrx_word' id='word_1_76' title='bbox 679 1107 788 1169; x_wconf 87' lang='lat' dir='ltr'>natalis</span> <span class='ocrx_word' id='word_1_77' title='bbox 803 1107 909 1169; x_wconf 88' lang='lat' dir='ltr'>haberi</span> <span class='ocrx_word' id='word_1_78' title='bbox 924 1107 1133 1185; x_wconf 87' lang='lat' dir='ltr'>appellarique</span> <span class='ocrx_word' id='word_1_79' title='bbox 1149 1108 1189 1166; x_wconf 89' lang='lat' dir='ltr'>de·</span> 
     </span>
    </p>

    <p class='ocr_par' dir='ltr' id='par_1_4' title="bbox 138 1191 1190 1604">
     <span class='ocr_line' id='line_1_11' title="bbox 138 1191 1189 1268; baseline -0.007 -13"><span class='ocrx_word' id='word_1_80' title='bbox 138 1196 253 1262; x_wconf 74' lang='lat' dir='ltr'>abent:</span> <span class='ocrx_word' id='word_1_81' title='bbox 269 1193 351 1265; x_wconf 90' lang='lat' dir='ltr'>isne,</span> <span class='ocrx_word' id='word_1_82' title='bbox 371 1209 462 1268; x_wconf 90' lang='lat' dir='ltr'>quem</span> <span class='ocrx_word' id='word_1_83' title='bbox 477 1207 540 1253; x_wconf 90' lang='lat' dir='ltr'>nox</span> <span class='ocrx_word' id='word_1_84' title='bbox 556 1207 593 1252; x_wconf 89' lang='lat' dir='ltr'>ea</span> <span class='ocrx_word' id='word_1_85' title='bbox 608 1197 777 1255; x_wconf 85' lang='lat' dir='ltr'>consecuta</span> <span class='ocrx_word' id='word_1_86' title='bbox 794 1197 857 1265; x_wconf 90' lang='lat' dir='ltr'>est,</span> <span class='ocrx_word' id='word_1_87' title='bbox 874 1208 913 1252; x_wconf 89' lang='lat' dir='ltr'>an</span> <span class='ocrx_word' id='word_1_88' title='bbox 930 1191 982 1267; x_wconf 92' lang='lat' dir='ltr'>qui</span> <span class='ocrx_word' id='word_1_89' title='bbox 998 1191 1065 1254; x_wconf 91' lang='lat' dir='ltr'>dies</span> <span class='ocrx_word' id='word_1_90' title='bbox 1082 1198 1189 1252; x_wconf 84' lang='lat' dir='ltr'>noctem</span> 
     </span>
     <span class='ocr_line' id='line_1_12' title="bbox 168 1275 1189 1344; baseline -0.005 -5"><span class='ocrx_word' id='word_1_91' title='bbox 168 1284 356 1340; x_wconf 81' lang='lat' dir='ltr'>consecutus</span> <span class='ocrx_word' id='word_1_92' title='bbox 370 1283 427 1336; x_wconf 89' lang='lat' dir='ltr'>est.</span> <span class='ocrx_word' id='word_1_93' title='bbox 454 1277 629 1338; x_wconf 80' lang='lat' dir='ltr'>navarro</span> <span class='ocrx_word' id='word_1_94' title='bbox 644 1275 679 1336; x_wconf 93' lang='lat' dir='ltr'>in</span> <span class='ocrx_word' id='word_1_95' title='bbox 694 1275 793 1337; x_wconf 89' lang='lat' dir='ltr'>libro</span> <span class='ocrx_word' id='word_1_96' title='bbox 810 1291 933 1336; x_wconf 90' lang='lat' dir='ltr'>rerum</span> <span class='ocrx_word' id='word_1_97' title='bbox 949 1277 1189 1344; x_wconf 81' lang='lat' dir='ltr'>humanarum,</span> 
     </span>
     <span class='ocr_line' id='line_1_13' title="bbox 169 1358 1190 1438; baseline -0.006 -16"><span class='ocrx_word' id='word_1_98' title='bbox 169 1378 260 1438; x_wconf 89' lang='lat' dir='ltr'>quem</span> <span class='ocrx_word' id='word_1_99' title='bbox 284 1360 328 1420; x_wconf 92' lang='lat' dir='ltr'>de</span> <span class='ocrx_word' id='word_1_100' title='bbox 354 1359 490 1420; x_wconf 89' lang='lat' dir='ltr'>diebus</span> <span class='ocrx_word' id='word_1_101' title='bbox 513 1358 652 1437; x_wconf 84' lang='lat' dir='ltr'>scripsit:</span> <span class='ocrx_word' id='word_1_102' title='bbox 675 1360 863 1433; x_wconf 89' lang='lat' dir='ltr'>homines,</span> <span class='ocrx_word' id='word_1_103' title='bbox 885 1359 998 1435; x_wconf 89' lang='lat' dir='ltr'>inquit,</span> <span class='ocrx_word' id='word_1_104' title='bbox 1018 1359 1083 1436; x_wconf 90' lang='lat' dir='ltr'>qui</span> <span class='ocrx_word' id='word_1_105' title='bbox 1103 1359 1190 1432; x_wconf 78' lang='lat' dir='ltr'>inple</span> 
     </span>
     <span class='ocr_line' id='line_1_14' title="bbox 168 1441 1189 1521; baseline -0.007 -15"><span class='ocrx_word' id='word_1_106' title='bbox 168 1452 196 1518; x_wconf 84' lang='lat' dir='ltr'>a]</span> <span class='ocrx_word' id='word_1_107' title='bbox 222 1441 345 1505; x_wconf 86' lang='lat' dir='ltr'>media</span> <span class='ocrx_word' id='word_1_108' title='bbox 365 1448 480 1504; x_wconf 88' lang='lat' dir='ltr'>noete</span> <span class='ocrx_word' id='word_1_109' title='bbox 502 1445 547 1503; x_wconf 88' lang='lat' dir='ltr'>ad</span> <span class='ocrx_word' id='word_1_110' title='bbox 569 1443 783 1521; x_wconf 87' lang='lat' dir='ltr'>proximam</span> <span class='ocrx_word' id='word_1_111' title='bbox 811 1443 971 1504; x_wconf 89' lang='lat' dir='ltr'>mediam</span> <span class='ocrx_word' id='word_1_112' title='bbox 994 1450 1142 1504; x_wconf 80' lang='lat' dir='ltr'>noctem</span> <span class='ocrx_word' id='word_1_113' title='bbox 1161 1442 1189 1500; x_wconf 92' lang='lat' dir='ltr'>in</span> 
     </span>
     <span class='ocr_line' id='line_1_15' title="bbox 167 1525 1189 1604; baseline -0.005 -16"><span class='ocrx_word' id='word_1_114' title='bbox 167 1525 1189 1604; x_wconf 78' lang='lat' dir='ltr'>bislrorisuigintiquatuornatisunt,unodienatidi-</span> 
     </span>
    </p>

    <p class='ocr_par' dir='ltr' id='par_1_5' title="bbox 137 1609 1212 2025">
     <span class='ocr_line' id='line_1_16' title="bbox 137 1609 1212 1686; baseline -0.012 -7"><span class='ocrx_word' id='word_1_115' title='bbox 137 1617 315 1679; x_wconf 74' lang='lat' dir='ltr'>beuntur.</span> <span class='ocrx_word' id='word_1_116' title='bbox 351 1611 467 1686; x_wconf 79' lang='lat' dir='ltr'>Quibus</span> <span class='ocrx_word' id='word_1_117' title='bbox 483 1610 588 1673; x_wconf 85' lang='lat' dir='ltr'>ue&#39;rbis</span> <span class='ocrx_word' id='word_1_118' title='bbox 609 1611 651 1673; x_wconf 87' lang='lat' dir='ltr'>ita</span> <span class='ocrx_word' id='word_1_119' title='bbox 670 1612 793 1674; x_wconf 88' lang='lat' dir='ltr'>uidetur</span> <span class='ocrx_word' id='word_1_120' title='bbox 818 1609 936 1672; x_wconf 90' lang='lat' dir='ltr'>dierum</span> <span class='ocrx_word' id='word_1_121' title='bbox 952 1609 1189 1676; x_wconf 87' lang='lat' dir='ltr'>obseruationem</span> <span class='ocrx_word' id='word_1_122' title='bbox 1211 1627 1212 1638; x_wconf 53' lang='lat'>¹</span> 
     </span>
     <span class='ocr_line' id='line_1_17' title="bbox 168 1694 1189 1771; baseline -0.006 -15"><span class='ocrx_word' id='word_1_123' title='bbox 168 1695 327 1768; x_wconf 84' lang='lat' dir='ltr'>diuisisse,</span> <span class='ocrx_word' id='word_1_124' title='bbox 344 1694 444 1770; x_wconf 88' lang='lat' dir='ltr'>utqui</span> <span class='ocrx_word' id='word_1_125' title='bbox 462 1703 536 1771; x_wconf 91' lang='lat' dir='ltr'>post</span> <span class='ocrx_word' id='word_1_126' title='bbox 551 1698 650 1757; x_wconf 90' lang='lat' dir='ltr'>solem</span> <span class='ocrx_word' id='word_1_127' title='bbox 671 1712 818 1758; x_wconf 83' lang='lat' dir='ltr'>occasum</span> <span class='ocrx_word' id='word_1_128' title='bbox 839 1703 910 1756; x_wconf 87' lang='lat' dir='ltr'>ante</span> <span class='ocrx_word' id='word_1_129' title='bbox 925 1695 1057 1757; x_wconf 89' lang='lat' dir='ltr'>mediam</span> <span class='ocrx_word' id='word_1_130' title='bbox 1080 1701 1189 1757; x_wconf 84' lang='lat' dir='ltr'>noctem</span> 
     </span>
     <span class='ocr_line' id='line_1_18' title="bbox 169 1775 1189 1856; baseline -0.006 -16"><span class='ocrx_word' id='word_1_131' title='bbox 169 1787 257 1841; x_wconf 87' lang='lat' dir='ltr'>natus</span> <span class='ocrx_word' id='word_1_132' title='bbox 278 1778 333 1852; x_wconf 91' lang='lat' dir='ltr'>sit,</span> <span class='ocrx_word' id='word_1_133' title='bbox 357 1778 383 1840; x_wconf 89' lang='lat' dir='ltr'>is</span> <span class='ocrx_word' id='word_1_134' title='bbox 399 1779 425 1838; x_wconf 90' lang='lat' dir='ltr'>ei</span> <span class='ocrx_word' id='word_1_135' title='bbox 448 1779 514 1840; x_wconf 93' lang='lat' dir='ltr'>dies</span> <span class='ocrx_word' id='word_1_136' title='bbox 535 1780 643 1842; x_wconf 84' lang='lat' dir='ltr'>natalis</span> <span class='ocrx_word' id='word_1_137' title='bbox 659 1780 712 1852; x_wconf 87' lang='lat' dir='ltr'>sit,</span> <span class='ocrx_word' id='word_1_138' title='bbox 737 1797 832 1856; x_wconf 90' lang='lat' dir='ltr'>aquo</span> <span class='ocrx_word' id='word_1_139' title='bbox 849 1779 898 1840; x_wconf 92' lang='lat' dir='ltr'>die</span> <span class='ocrx_word' id='word_1_140' title='bbox 914 1797 951 1841; x_wconf 87' lang='lat' dir='ltr'>ea</span> <span class='ocrx_word' id='word_1_141' title='bbox 965 1797 1029 1842; x_wconf 88' lang='lat' dir='ltr'>nox</span> <span class='ocrx_word' id='word_1_142' title='bbox 1049 1775 1189 1856; x_wconf 88' lang='lat' dir='ltr'>eoeperit;</span> 
     </span>
     <span class='ocr_line' id='line_1_19' title="bbox 168 1862 1189 1940; baseline -0.008 -14"><span class='ocrx_word' id='word_1_143' title='bbox 168 1872 276 1926; x_wconf 88' lang='lat' dir='ltr'>eontra</span> <span class='ocrx_word' id='word_1_144' title='bbox 291 1880 381 1936; x_wconf 91' lang='lat' dir='ltr'>uero,</span> <span class='ocrx_word' id='word_1_145' title='bbox 398 1862 448 1940; x_wconf 92' lang='lat' dir='ltr'>qui</span> <span class='ocrx_word' id='word_1_146' title='bbox 472 1863 501 1924; x_wconf 90' lang='lat' dir='ltr'>in</span> <span class='ocrx_word' id='word_1_147' title='bbox 517 1881 574 1925; x_wconf 88' lang='lat' dir='ltr'>sex</span> <span class='ocrx_word' id='word_1_148' title='bbox 589 1864 689 1926; x_wconf 87' lang='lat' dir='ltr'>noetis</span> <span class='ocrx_word' id='word_1_149' title='bbox 703 1862 788 1926; x_wconf 88' lang='lat' dir='ltr'>horis</span> <span class='ocrx_word' id='word_1_150' title='bbox 804 1864 1029 1940; x_wconf 88' lang='lat' dir='ltr'>posterioribus</span> <span class='ocrx_word' id='word_1_151' title='bbox 1047 1869 1189 1932; x_wconf 82' lang='lat' dir='ltr'>nascatur,</span> 
     </span>
     <span class='ocr_line' id='line_1_20' title="bbox 168 1947 1069 2025; baseline -0.003 -15"><span class='ocrx_word' id='word_1_152' title='bbox 168 1966 205 2010; x_wconf 90' lang='lat' dir='ltr'>eo</span> <span class='ocrx_word' id='word_1_153' title='bbox 225 1947 274 2009; x_wconf 92' lang='lat' dir='ltr'>die</span> <span class='ocrx_word' id='word_1_154' title='bbox 289 1947 387 2008; x_wconf 90' lang='lat' dir='ltr'>uideri</span> <span class='ocrx_word' id='word_1_155' title='bbox 402 1954 521 2021; x_wconf 87' lang='lat' dir='ltr'>natum,</span> <span class='ocrx_word' id='word_1_156' title='bbox 538 1947 590 2024; x_wconf 92' lang='lat' dir='ltr'>qni</span> <span class='ocrx_word' id='word_1_157' title='bbox 605 1956 679 2025; x_wconf 86' lang='lat' dir='ltr'>post</span> <span class='ocrx_word' id='word_1_158' title='bbox 694 1964 761 2009; x_wconf 87' lang='lat' dir='ltr'>earn</span> <span class='ocrx_word' id='word_1_159' title='bbox 776 1954 899 2009; x_wconf 78' lang='lat' dir='ltr'>nostem</span> <span class='ocrx_word' id='word_1_160' title='bbox 916 1947 1069 2010; x_wconf 88' lang='lat' dir='ltr'>diluxerit.</span> 
     </span>
    </p>

    <p class='ocr_par' dir='ltr' id='par_1_6' title="bbox 136 2029 1211 2277">
     <span class='ocr_line' id='line_1_21' title="bbox 136 2029 1211 2105; baseline -0.007 -9"><span class='ocrx_word' id='word_1_161' title='bbox 136 2044 156 2096; x_wconf 81' lang='lat'>4</span> <span class='ocrx_word' id='word_1_162' title='bbox 226 2031 432 2094; x_wconf 81' lang='lat' dir='ltr'>Athenienses</span> <span class='ocrx_word' id='word_1_163' title='bbox 453 2039 556 2092; x_wconf 90' lang='lat' dir='ltr'>autern</span> <span class='ocrx_word' id='word_1_164' title='bbox 582 2033 671 2093; x_wconf 88' lang='lat' dir='ltr'>aliter</span> <span class='ocrx_word' id='word_1_165' title='bbox 697 2033 881 2105; x_wconf 87' lang='lat' dir='ltr'>obseruare,</span> <span class='ocrx_word' id='word_1_166' title='bbox 910 2031 991 2093; x_wconf 92' lang='lat' dir='ltr'>idem</span> <span class='ocrx_word' id='word_1_167' title='bbox 1018 2034 1138 2092; x_wconf 88' lang='lat' dir='ltr'>Varro</span> <span class='ocrx_word' id='word_1_168' title='bbox 1162 2029 1211 2088; x_wconf 51' lang='lat' dir='ltr'>in¹</span> 
     </span>
     <span class='ocr_line' id='line_1_22' title="bbox 169 2114 1190 2192; baseline -0.005 -16"><span class='ocrx_word' id='word_1_169' title='bbox 169 2118 300 2176; x_wconf 89' lang='lat' dir='ltr'>eodem</span> <span class='ocrx_word' id='word_1_170' title='bbox 321 2114 419 2176; x_wconf 92' lang='lat' dir='ltr'>libro</span> <span class='ocrx_word' id='word_1_171' title='bbox 441 2114 579 2191; x_wconf 84' lang='lat' dir='ltr'>scripsit,</span> <span class='ocrx_word' id='word_1_172' title='bbox 595 2132 714 2192; x_wconf 88' lang='lat' dir='ltr'>eosque</span> <span class='ocrx_word' id='word_1_173' title='bbox 730 2132 748 2176; x_wconf 92' lang='lat' dir='ltr'>a</span> <span class='ocrx_word' id='word_1_174' title='bbox 766 2117 834 2176; x_wconf 86' lang='lat' dir='ltr'>sole</span> <span class='ocrx_word' id='word_1_175' title='bbox 849 2133 964 2178; x_wconf 83' lang='lat' dir='ltr'>occaso</span> <span class='ocrx_word' id='word_1_176' title='bbox 980 2117 1019 2177; x_wconf 87' lang='lat' dir='ltr'>ad</span> <span class='ocrx_word' id='word_1_177' title='bbox 1035 2119 1135 2177; x_wconf 90' lang='lat' dir='ltr'>solem</span> <span class='ocrx_word' id='word_1_178' title='bbox 1148 2114 1190 2172; x_wconf 89' lang='lat' dir='ltr'>ite-</span> 
     </span>
     <span class='ocr_line' id='line_1_23' title="bbox 167 2196 1190 2277; baseline -0.004 -18"><span class='ocrx_word' id='word_1_179' title='bbox 167 2217 235 2260; x_wconf 90' lang='lat' dir='ltr'>rum</span> <span class='ocrx_word' id='word_1_180' title='bbox 256 2196 448 2259; x_wconf 81' lang='lat' dir='ltr'>occidentem</span> <span class='ocrx_word' id='word_1_181' title='bbox 466 2214 557 2259; x_wconf 86' lang='lat' dir='ltr'>omne</span> <span class='ocrx_word' id='word_1_182' title='bbox 577 2198 609 2258; x_wconf 92' lang='lat' dir='ltr'>id</span> <span class='ocrx_word' id='word_1_183' title='bbox 631 2199 765 2261; x_wconf 90' lang='lat' dir='ltr'>medium</span> <span class='ocrx_word' id='word_1_184' title='bbox 782 2206 905 2277; x_wconf 91' lang='lat' dir='ltr'>tempus</span> <span class='ocrx_word' id='word_1_185' title='bbox 923 2218 1018 2262; x_wconf 90' lang='lat' dir='ltr'>unum</span> <span class='ocrx_word' id='word_1_186' title='bbox 1033 2199 1117 2260; x_wconf 92' lang='lat' dir='ltr'>diem</span> <span class='ocrx_word' id='word_1_187' title='bbox 1132 2212 1190 2258; x_wconf 88' lang='lat' dir='ltr'>esse</span> 
     </span>
    </p>

    <p class='ocr_par' dir='ltr' id='par_1_7' title="bbox 139 2280 1190 2444">
     <span class='ocr_line' id='line_1_24' title="bbox 139 2280 1190 2358; baseline -0.004 -13"><span class='ocrx_word' id='word_1_188' title='bbox 139 2282 281 2346; x_wconf 77' lang='lat' dir='ltr'>adicere.</span> <span class='ocrx_word' id='word_1_189' title='bbox 313 2280 505 2358; x_wconf 88' lang='lat' dir='ltr'>Babylonios</span> <span class='ocrx_word' id='word_1_190' title='bbox 520 2299 614 2358; x_wconf 91' lang='lat' dir='ltr'>porro</span> <span class='ocrx_word' id='word_1_191' title='bbox 631 2283 734 2344; x_wconf 87' lang='lat' dir='ltr'>aliter:</span> <span class='ocrx_word' id='word_1_192' title='bbox 752 2300 771 2344; x_wconf 84' lang='lat' dir='ltr'>a</span> <span class='ocrx_word' id='word_1_193' title='bbox 787 2285 855 2344; x_wconf 89' lang='lat' dir='ltr'>sole</span> <span class='ocrx_word' id='word_1_194' title='bbox 873 2284 953 2345; x_wconf 90' lang='lat' dir='ltr'>enim</span> <span class='ocrx_word' id='word_1_195' title='bbox 968 2291 1078 2346; x_wconf 90' lang='lat' dir='ltr'>exorto</span> <span class='ocrx_word' id='word_1_196' title='bbox 1097 2285 1137 2343; x_wconf 89' lang='lat' dir='ltr'>ad</span> <span class='ocrx_word' id='word_1_197' title='bbox 1150 2299 1190 2342; x_wconf 89' lang='lat' dir='ltr'>ex-</span> 
     </span>
     <span class='ocr_line' id='line_1_25' title="bbox 168 2363 1190 2444; baseline -0.004 -16"><span class='ocrx_word' id='word_1_198' title='bbox 168 2372 268 2428; x_wconf 91' lang='lat' dir='ltr'>ortum</span> <span class='ocrx_word' id='word_1_199' title='bbox 283 2363 422 2426; x_wconf 90' lang='lat' dir='ltr'>eiusdem</span> <span class='ocrx_word' id='word_1_200' title='bbox 436 2363 632 2443; x_wconf 84' lang='lat' dir='ltr'>incipientem</span> <span class='ocrx_word' id='word_1_201' title='bbox 647 2374 747 2428; x_wconf 86' lang='lat' dir='ltr'>totum</span> <span class='ocrx_word' id='word_1_202' title='bbox 759 2367 792 2427; x_wconf 91' lang='lat' dir='ltr'>id</span> <span class='ocrx_word' id='word_1_203' title='bbox 808 2367 943 2442; x_wconf 89' lang='lat' dir='ltr'>spatium</span> <span class='ocrx_word' id='word_1_204' title='bbox 966 2367 1056 2444; x_wconf 84' lang='lat' dir='ltr'>unius</span> <span class='ocrx_word' id='word_1_205' title='bbox 1072 2367 1134 2428; x_wconf 89' lang='lat' dir='ltr'>diei</span> <span class='ocrx_word' id='word_1_206' title='bbox 1148 2382 1190 2424; x_wconf 89' lang='lat' dir='ltr'>no-</span> 
     </span>
    </p>

    <p class='ocr_par' dir='ltr' id='par_1_8' title="bbox 140 2448 1210 3016">
     <span class='ocr_line' id='line_1_26' title="bbox 140 2448 1191 2526; baseline -0.006 -12"><span class='ocrx_word' id='word_1_207' title='bbox 140 2448 248 2514; x_wconf 87' lang='lat' dir='ltr'>6mine</span> <span class='ocrx_word' id='word_1_208' title='bbox 266 2451 437 2526; x_wconf 81' lang='lat' dir='ltr'>appellare3</span> <span class='ocrx_word' id='word_1_209' title='bbox 461 2452 574 2512; x_wconf 91' lang='lat' dir='ltr'>multos</span> <span class='ocrx_word' id='word_1_210' title='bbox 589 2468 665 2513; x_wconf 90' lang='lat' dir='ltr'>uero</span> <span class='ocrx_word' id='word_1_211' title='bbox 686 2450 717 2512; x_wconf 92' lang='lat' dir='ltr'>in</span> <span class='ocrx_word' id='word_1_212' title='bbox 733 2458 814 2512; x_wconf 84' lang='lat' dir='ltr'>terra</span> <span class='ocrx_word' id='word_1_213' title='bbox 829 2451 955 2514; x_wconf 87' lang='lat' dir='ltr'>Vmbria</span> <span class='ocrx_word' id='word_1_214' title='bbox 971 2470 1066 2514; x_wconf 92' lang='lat' dir='ltr'>unum</span> <span class='ocrx_word' id='word_1_215' title='bbox 1084 2457 1117 2512; x_wconf 90' lang='lat' dir='ltr'>et</span> <span class='ocrx_word' id='word_1_216' title='bbox 1131 2466 1191 2510; x_wconf 92' lang='lat' dir='ltr'>eun-</span> 
     </span>
     <span class='ocr_line' id='line_1_27' title="bbox 168 2532 1210 2612; baseline -0.004 -19"><span class='ocrx_word' id='word_1_217' title='bbox 168 2535 238 2594; x_wconf 89' lang='lat' dir='ltr'>dem</span> <span class='ocrx_word' id='word_1_218' title='bbox 254 2532 334 2593; x_wconf 92' lang='lat' dir='ltr'>diem</span> <span class='ocrx_word' id='word_1_219' title='bbox 356 2549 428 2593; x_wconf 90' lang='lat' dir='ltr'>esse</span> <span class='ocrx_word' id='word_1_220' title='bbox 445 2533 549 2595; x_wconf 87' lang='lat' dir='ltr'>dieere</span> <span class='ocrx_word' id='word_1_221' title='bbox 565 2552 583 2594; x_wconf 92' lang='lat' dir='ltr'>a</span> <span class='ocrx_word' id='word_1_222' title='bbox 599 2534 726 2596; x_wconf 88' lang='lat' dir='ltr'>meridie</span> <span class='ocrx_word' id='word_1_223' title='bbox 739 2537 779 2596; x_wconf 91' lang='lat' dir='ltr'>ad</span> <span class='ocrx_word' id='word_1_224' title='bbox 795 2535 1010 2612; x_wconf 88' lang='lat' dir='ltr'>insequentem</span> <span class='ocrx_word' id='word_1_225' title='bbox 1026 2534 1191 2595; x_wconf 88' lang='lat' dir='ltr'>meridiem:</span> <span class='ocrx_word' id='word_1_226' title='bbox 1209 2561 1210 2584; x_wconf 70' lang='lat'>2</span> 
     </span>
     <span class='ocr_line' id='line_1_28' title="bbox 168 2616 1191 2695; baseline -0.006 -16"><span class='ocrx_word' id='word_1_227' title='bbox 168 2618 287 2693; x_wconf 73' lang='lat' dir='ltr'>‘quod</span> <span class='ocrx_word' id='word_1_228' title='bbox 309 2616 493 2693; x_wconf 87' lang='lat' dir='ltr'>quidem&#39;,</span> <span class='ocrx_word' id='word_1_229' title='bbox 516 2616 628 2695; x_wconf 88' lang='lat' dir='ltr'>inquit,</span> <span class='ocrx_word' id='word_1_230' title='bbox 645 2617 774 2680; x_wconf 77' lang='lat' dir='ltr'>‘nimis</span> <span class='ocrx_word' id='word_1_231' title='bbox 791 2620 998 2682; x_wconf 88' lang='lat' dir='ltr'>absurdum</span> <span class='ocrx_word' id='word_1_232' title='bbox 1014 2627 1085 2681; x_wconf 87' lang='lat' dir='ltr'>est.</span> <span class='ocrx_word' id='word_1_233' title='bbox 1116 2620 1191 2680; x_wconf 87' lang='lat' dir='ltr'>Nam</span> 
     </span>
     <span class='ocr_line' id='line_1_29' title="bbox 168 2701 1191 2780; baseline -0.004 -18"><span class='ocrx_word' id='word_1_234' title='bbox 168 2701 230 2778; x_wconf 91' lang='lat' dir='ltr'>qui</span> <span class='ocrx_word' id='word_1_235' title='bbox 250 2701 435 2762; x_wconf 83' lang='lat' dir='ltr'>Kalendis</span> <span class='ocrx_word' id='word_1_236' title='bbox 457 2702 550 2763; x_wconf 89' lang='lat' dir='ltr'>hora</span> <span class='ocrx_word' id='word_1_237' title='bbox 574 2704 1108 2780; x_wconf 87' lang='lat' dir='ltr'>sextaupudebrosnatus</span> <span class='ocrx_word' id='word_1_238' title='bbox 1126 2707 1191 2768; x_wconf 82' lang='lat' dir='ltr'>est,</span> 
     </span>
     <span class='ocr_line' id='line_1_30' title="bbox 167 2785 1191 2850; baseline -0.006 -3"><span class='ocrx_word' id='word_1_239' title='bbox 167 2785 254 2848; x_wconf 87' lang='lat' dir='ltr'>dies</span> <span class='ocrx_word' id='word_1_240' title='bbox 277 2785 360 2847; x_wconf 89' lang='lat' dir='ltr'>eius</span> <span class='ocrx_word' id='word_1_241' title='bbox 383 2785 525 2847; x_wconf 84' lang='lat' dir='ltr'>natalis</span> <span class='ocrx_word' id='word_1_242' title='bbox 547 2785 674 2848; x_wconf 89' lang='lat' dir='ltr'>uideri</span> <span class='ocrx_word' id='word_1_243' title='bbox 702 2787 861 2847; x_wconf 83' lang='lat' dir='ltr'>debebit</span> <span class='ocrx_word' id='word_1_244' title='bbox 885 2795 922 2848; x_wconf 86' lang='lat' dir='ltr'>et</span> <span class='ocrx_word' id='word_1_245' title='bbox 940 2789 1191 2850; x_wconf 88' lang='lat' dir='ltr'>Kalendarum</span> 
     </span>
     <span class='ocr_line' id='line_1_31' title="bbox 167 2869 1192 2947; baseline -0.004 -18"><span class='ocrx_word' id='word_1_246' title='bbox 167 2869 410 2931; x_wconf 85' lang='lat' dir='ltr'>dimidiarunt</span> <span class='ocrx_word' id='word_1_247' title='bbox 438 2877 474 2930; x_wconf 88' lang='lat' dir='ltr'>et</span> <span class='ocrx_word' id='word_1_248' title='bbox 500 2869 564 2946; x_wconf 91' lang='lat' dir='ltr'>qui</span> <span class='ocrx_word' id='word_1_249' title='bbox 593 2877 652 2932; x_wconf 88' lang='lat' dir='ltr'>est</span> <span class='ocrx_word' id='word_1_250' title='bbox 677 2878 769 2947; x_wconf 88' lang='lat' dir='ltr'>post</span> <span class='ocrx_word' id='word_1_251' title='bbox 787 2871 985 2938; x_wconf 88' lang='lat' dir='ltr'>Kalendas</span> <span class='ocrx_word' id='word_1_252' title='bbox 1008 2871 1091 2932; x_wconf 87' lang='lat' dir='ltr'>dies</span> <span class='ocrx_word' id='word_1_253' title='bbox 1114 2875 1192 2930; x_wconf 87' lang='lat' dir='ltr'>ante</span> 
     </span>
     <span class='ocr_line' id='line_1_32' title="bbox 164 2953 677 3016; baseline 0 -2"><span class='ocrx_word' id='word_1_254' title='bbox 164 2954 295 3014; x_wconf 88' lang='lat' dir='ltr'>horam</span> <span class='ocrx_word' id='word_1_255' title='bbox 316 2953 399 3015; x_wconf 92' lang='lat' dir='ltr'>eius</span> <span class='ocrx_word' id='word_1_256' title='bbox 421 2953 499 3014; x_wconf 89' lang='lat' dir='ltr'>diei</span> <span class='ocrx_word' id='word_1_257' title='bbox 519 2962 677 3016; x_wconf 90' lang='lat' dir='ltr'>sextam.</span> 
     </span>
    </p>

    <p class='ocr_par' dir='ltr' id='par_1_9' title="bbox 136 3035 1209 3199">
     <span class='ocr_line' id='line_1_33' title="bbox 136 3035 1209 3114; baseline -0.007 -13"><span class='ocrx_word' id='word_1_258' title='bbox 136 3046 153 3101; x_wconf 84' lang='grc'><strong>7</strong></span> <span class='ocrx_word' id='word_1_259' title='bbox 227 3039 378 3114; x_wconf 85' lang='lat' dir='ltr'>Populum</span> <span class='ocrx_word' id='word_1_260' title='bbox 404 3044 506 3099; x_wconf 89' lang='lat' dir='ltr'>autem</span> <span class='ocrx_word' id='word_1_261' title='bbox 524 3040 697 3100; x_wconf 89' lang='lat' dir='ltr'>Romanum</span> <span class='ocrx_word' id='word_1_262' title='bbox 719 3038 775 3112; x_wconf 90' lang='lat' dir='ltr'>ita,</span> <span class='ocrx_word' id='word_1_263' title='bbox 802 3039 846 3101; x_wconf 91' lang='lat' dir='ltr'>uti</span> <span class='ocrx_word' id='word_1_264' title='bbox 866 3041 989 3101; x_wconf 89' lang='lat' dir='ltr'>Varro</span> <span class='ocrx_word' id='word_1_265' title='bbox 1013 3038 1104 3112; x_wconf 89' lang='lat' dir='ltr'>dixit,</span> <span class='ocrx_word' id='word_1_266' title='bbox 1134 3035 1209 3096; x_wconf 79' lang='lat' dir='ltr'>dies</span> 
     </span>
     <span class='ocr_line' id='line_1_34' title="bbox 166 3107 1209 3199; baseline -0.006 -17"><span class='ocrx_word' id='word_1_267' title='bbox 166 3120 305 3198; x_wconf 81' lang='lat' dir='ltr'>singulos</span> <span class='ocrx_word' id='word_1_268' title='bbox 326 3123 528 3183; x_wconf 90' lang='lat' dir='ltr'>adnumerare</span> <span class='ocrx_word' id='word_1_269' title='bbox 548 3139 566 3182; x_wconf 91' lang='lat' dir='ltr'>a</span> <span class='ocrx_word' id='word_1_270' title='bbox 586 3121 687 3184; x_wconf 87' lang='lat' dir='ltr'>media</span> <span class='ocrx_word' id='word_1_271' title='bbox 704 3130 797 3184; x_wconf 86' lang='lat' dir='ltr'>noete</span> <span class='ocrx_word' id='word_1_272' title='bbox 817 3125 857 3184; x_wconf 93' lang='lat' dir='ltr'>ad</span> <span class='ocrx_word' id='word_1_273' title='bbox 872 3123 1003 3184; x_wconf 89' lang='lat' dir='ltr'>mediam</span> <span class='ocrx_word' id='word_1_274' title='bbox 1017 3107 1209 3199; x_wconf 61' lang='lat' dir='ltr'>proximam*</span> 
     </span>
    </p>

    <p class='ocr_par' dir='ltr' id='par_1_10' title="bbox 136 3145 1209 3366">
     <span class='ocr_line' id='line_1_35' title="bbox 136 3202 1191 3282; baseline -0.008 -14"><span class='ocrx_word' id='word_1_275' title='bbox 136 3204 266 3268; x_wconf 70' lang='lat' dir='ltr'>&amp;multis</span> <span class='ocrx_word' id='word_1_276' title='bbox 291 3203 478 3281; x_wconf 83' lang='lat' dir='ltr'>argumentis</span> <span class='ocrx_word' id='word_1_277' title='bbox 502 3205 685 3270; x_wconf 89' lang='lat' dir='ltr'>ostenditur.</span> <span class='ocrx_word' id='word_1_278' title='bbox 735 3206 831 3268; x_wconf 87' lang='lat' dir='ltr'>Sacra</span> <span class='ocrx_word' id='word_1_279' title='bbox 851 3214 924 3269; x_wconf 90' lang='lat' dir='ltr'>sunt</span> <span class='ocrx_word' id='word_1_280' title='bbox 938 3202 1191 3282; x_wconf 87' lang='lat' dir='ltr'>Romanapartinr</span> 
     </span>
     <span class='ocr_line' id='line_1_36' title="bbox 166 3287 1192 3366; baseline -0.004 -17"><span class='ocrx_word' id='word_1_281' title='bbox 166 3288 288 3364; x_wconf 88' lang='lat' dir='ltr'>diurna,</span> <span class='ocrx_word' id='word_1_282' title='bbox 302 3289 360 3350; x_wconf 90' lang='lat' dir='ltr'>alia</span> <span class='ocrx_word' id='word_1_283' title='bbox 376 3296 542 3363; x_wconf 86' lang='lat' dir='ltr'>noeturna3</span> <span class='ocrx_word' id='word_1_284' title='bbox 560 3291 618 3350; x_wconf 90' lang='lat' dir='ltr'>sed</span> <span class='ocrx_word' id='word_1_285' title='bbox 634 3307 680 3364; x_wconf 91' lang='lat' dir='ltr'>ea,</span> <span class='ocrx_word' id='word_1_286' title='bbox 699 3307 778 3366; x_wconf 87' lang='lat' dir='ltr'>quae</span> <span class='ocrx_word' id='word_1_287' title='bbox 794 3292 873 3353; x_wconf 91' lang='lat' dir='ltr'>inter</span> <span class='ocrx_word' id='word_1_288' title='bbox 887 3299 1011 3353; x_wconf 89' lang='lat' dir='ltr'>noctem</span> <span class='ocrx_word' id='word_1_289' title='bbox 1029 3291 1120 3362; x_wconf 84' lang='lat' dir='ltr'>liunt,</span> <span class='ocrx_word' id='word_1_290' title='bbox 1137 3287 1192 3347; x_wconf 87' lang='lat' dir='ltr'>die-</span> 
     </span>
    </p>

    <p class='ocr_par' dir='ltr' id='par_1_11' title="bbox 137 3371 1192 3536">
     <span class='ocr_line' id='line_1_37' title="bbox 137 3371 1191 3452; baseline -0.008 -17"><span class='ocrx_word' id='word_1_291' title='bbox 137 3382 153 3435; x_wconf 83' lang='lat'><em>9</em></span> <span class='ocrx_word' id='word_1_292' title='bbox 165 3372 223 3432; x_wconf 91' lang='lat' dir='ltr'>bus</span> <span class='ocrx_word' id='word_1_293' title='bbox 235 3374 434 3444; x_wconf 84' lang='lat' dir='ltr'>addicuntur,</span> <span class='ocrx_word' id='word_1_294' title='bbox 450 3389 512 3433; x_wconf 91' lang='lat' dir='ltr'>non</span> <span class='ocrx_word' id='word_1_295' title='bbox 526 3372 669 3434; x_wconf 84' lang='lat' dir='ltr'>noctibus</span> <span class='ocrx_word' id='word_1_296' title='bbox 677 3394 686 3448; x_wconf 88' lang='lat'>;</span> <span class='ocrx_word' id='word_1_297' title='bbox 704 3391 783 3450; x_wconf 87' lang='lat' dir='ltr'>quae</span> <span class='ocrx_word' id='word_1_298' title='bbox 797 3375 890 3452; x_wconf 84' lang='lat' dir='ltr'>igitur</span> <span class='ocrx_word' id='word_1_299' title='bbox 905 3392 962 3437; x_wconf 89' lang='lat' dir='ltr'>sex</span> <span class='ocrx_word' id='word_1_300' title='bbox 973 3371 1191 3452; x_wconf 89' lang='lat' dir='ltr'>posterioribus</span> 
     </span>
     <span class='ocr_line' id='line_1_38' title="bbox 167 3453 1192 3536; baseline 0 -24"><span class='ocrx_word' id='word_1_301' title='bbox 167 3453 266 3516; x_wconf 88' lang='lat' dir='ltr'>noetis</span> <span class='ocrx_word' id='word_1_302' title='bbox 283 3455 367 3516; x_wconf 89' lang='lat' dir='ltr'>horis</span> <span class='ocrx_word' id='word_1_303' title='bbox 382 3455 474 3530; x_wconf 90' lang='lat' dir='ltr'>liunt,</span> <span class='ocrx_word' id='word_1_304' title='bbox 496 3471 533 3517; x_wconf 93' lang='lat' dir='ltr'>eo</span> <span class='ocrx_word' id='word_1_305' title='bbox 554 3456 860 3533; x_wconf 66' lang='lat' dir='ltr'>disterminantur,</span> <span class='ocrx_word' id='word_1_306' title='bbox 883 3458 935 3534; x_wconf 93' lang='lat' dir='ltr'>qui</span> <span class='ocrx_word' id='word_1_307' title='bbox 952 3457 1111 3536; x_wconf 87' lang='lat' dir='ltr'>proximus</span> <span class='ocrx_word' id='word_1_308' title='bbox 1130 3469 1192 3516; x_wconf 88' lang='lat' dir='ltr'>eam</span> 
     </span>
    </p>
   </div>
   <div class='ocr_carea' id='block_1_4' title="bbox 0 0 1232 3918">
    <p class='ocr_par' dir='ltr' id='par_1_12' title="bbox 0 0 1232 3918">
     <span class='ocr_line' id='line_1_39' title="bbox 0 0 1232 3918; baseline 0 0"><span class='ocrx_word' id='word_1_309' title='bbox 0 0 1232 3918; x_wconf 95' lang='lat' dir='ltr'> </span> 
     </span>
    </p>
   </div>
  </div>
 </body>
</html>
