2456 3918
539 222 560 281 l.
585 237 628 280 xr.
1043 223 1084 287 53

100 393 178 452 Ecce
202 397 307 450 autem
329 404 386 465 per
408 388 544 450 tibicinia
561 389 716 451 Laconica
739 389 832 449 tibiae
856 405 981 467 quoque
999 392 1079 456 illins
1093 405 1125 457 lo

51 475 249 539 contionariae
263 473 293 532 in
306 480 440 534 mentem
452 474 555 547 uenit,
579 491 685 550 quarn,
710 475 742 534 C.
756 475 933 536 Graccho
947 493 1016 537 cunr
1029 496 1083 555 po-

47 564 108 639 pulo
129 565 260 637 agente,
284 558 425 635 praeisse
449 575 485 619 ac
507 558 779 636 praeministrasse
803 559 947 620 modulos
972 562 1082 623 ferunt.

47 647 99 706 Sed
110 660 311 721 nequaquam
323 643 368 704 sic
381 649 445 718 est,
467 650 502 704 ut
513 660 531 703 a
541 646 636 720 uulgo
651 644 776 717 dicitur,
802 659 914 704 canere
928 645 999 706 tibia
1011 647 1081 708 soli·
1091 660 1124 710 11

47 739 112 804 tum,
126 731 179 806 qui
191 744 278 806 pone
291 745 362 788 eum
374 729 555 804 loquentem
567 735 675 802 staret,
690 734 720 789 et
731 728 826 789 uariis
839 729 941 790 modis
953 737 1018 791 tum
1030 733 1082 792 de-

45 817 168 876 mulcere
181 814 318 873 animum
330 813 548 888 actionemque
560 813 635 887 61116,
643 819 708 872 tum
719 812 891 876 intendere.
911 815 989 890 Quid
1001 817 1082 876 enirn
1092 828 1124 880 12

45 903 112 960 foret
124 907 173 960 sta
186 915 222 958 re
234 897 385 973 ineptius,
409 898 449 970 si,
473 905 507 958 ut
518 897 676 974 planipedi
688 898 827 972 saltanti,
851 898 893 958 ita
906 901 1080 962 Graccho

45 983 225 1046 contionanti
243 998 392 1043 numeros
411 988 441 1042 61
460 983 574 1044 modos
593 989 623 1042 61
641 983 908 1058 frequentamenta
929 986 1081 1059 quaedam

44 1069 117 1129 uaria
137 1067 255 1128 tibicen
278 1066 449 1128 incineret?
473 1066 536 1128 Sed
555 1066 607 1143 qui
624 1068 684 1128 hoc
702 1065 891 1144 compertius
910 1070 1077 1131 memoriae
1090 1080 1123 1135 13

44 1154 241 1225 tradiderunt,
255 1151 380 1212 stetisse
391 1150 422 1211 in
435 1151 706 1213 circumstantibus
719 1151 825 1213 dicunt
836 1154 1003 1227 occultius,
1028 1155 1079 1231 qui

43 1239 135 1300 fistula
144 1237 237 1297 breui
249 1237 365 1298 sensim
377 1237 607 1312 grauiusculum
621 1253 734 1298 sonum
744 1237 911 1314 inspiraret
928 1240 967 1298 ad
984 1239 1079 1315 repri-

42 1323 180 1384 mendum
199 1323 437 1398 sedandumque
464 1321 598 1398 impetus
612 1321 700 1382 uocis
724 1321 801 1382 cius.
846 1321 1121 1389 Efferuescentell

41 1425 165 1484 namque
183 1407 309 1484 inpulsu
323 1413 354 1467 et
369 1405 516 1467 instinctu
528 1414 676 1468 extraneo
689 1407 837 1468 naturalis
849 1406 900 1468 illa
914 1409 1079 1470 Gracchi

41 1491 228 1553 uehementia
239 1491 424 1568 indiguisse,
437 1509 516 1565 non,
530 1491 651 1568 opinor,
669 1491 873 1553 existimanda
885 1500 942 1554 est.
975 1495 1016 1554 M.
1032 1503 1120 1557 111-15

41 1595 102 1638 uren
115 1578 253 1638 Cicero
273 1577 478 1638 fistulatorem
495 1577 589 1637 istum
600 1576 724 1652 utrique
736 1577 780 1638 rei
793 1576 961 1638 adhibitum
975 1595 1047 1640 csse
1059 1595 1077 1638 a

44 1664 209 1723 Graccho
223 1667 320 1738 putat,
333 1668 368 1721 ut
379 1661 476 1736 sonis,
486 1669 549 1722 tum
561 1660 691 1738 placidis
706 1667 771 1722 tum
785 1662 893 1735 citatis,
902 1669 954 1722 aut
966 1663 1077 1723 demis·

42 1764 99 1807 sam
120 1749 338 1823 iacentemque
362 1745 534 1807 orationem
557 1747 624 1807 eius
647 1746 780 1823 erigeret
805 1755 859 1808 aut
876 1748 1077 1808 ferocientem

43 1832 462 1908 saeuientemqucoohiheret.
476 1834 580 1892 Verba
590 1831 687 1909 ipsius
700 1831 902 1894 Ciceronis
919 1833 1068 1909 apposui:
1087 1843 1119 1899 16

41 1919 166 1993 ltaque
187 1917 289 1976 idem
314 1916 529 1991 Gracchus,
566 1916 669 1993 quod
691 1923 806 1993 potes
830 1917 978 1990 audire,
1014 1919 1077 1977 Ca·

41 2003 124 2076 lule,
155 2018 200 2062 ex
229 2001 378 2062 Licinio
413 2000 559 2062 cliente
590 2007 671 2074 tuo,
705 2001 865 2062 literato
903 2001 1077 2074 homine,

44 2103 143 2160 quern
177 2103 331 2147 seruum
360 2084 436 2147 sibi
462 2086 529 2146 illc
557 2087 692 2146 habuit
718 2088 762 2147 ad
786 2103 952 2159 manum,
987 2102 1077 2146 curn

43 2171 197 2232 eburnea
226 2171 370 2232 solitus
404 2178 464 2230 est
499 2171 644 2230 habere
676 2171 834 2245 fistula,
870 2171 933 2247 qui
956 2177 1078 2232 staret

43 2258 188 2316 occulte
205 2255 438 2332 postipsum
456 2272 537 2316 curn
562 2256 887 2330 contionaretur,
910 2255 1077 2334 peritum

42 2339 240 2414 homiuem,
286 2341 349 2416 qui
381 2341 544 2400 inflaret
581 2342 772 2402 celeriter
803 2358 885 2401 eum
916 2359 1075 2414 sonum,

43 2425 97 2497 qui
123 2425 234 2486 illum
255 2430 320 2486 aut
341 2424 547 2485 remissum
570 2425 764 2486 excitaret
787 2434 852 2487 aut
874 2443 893 2486 a
915 2433 1076 2486 conten-

42 2509 139 2570 done
168 2516 389 2571 reuocaret

94 2597 214 2656 llllorem
237 2601 340 2656 autem
361 2595 446 2655 illum
470 2592 663 2670 ingrediendi
685 2597 724 2656 ad
746 2595 904 2658 tibicinum
927 2596 1072 2656 modulos
1085 2600 1118 2655 17

42 2679 139 2753 proelii
160 2679 333 2741 institutum
357 2697 429 2741 esse
452 2696 470 2740 a
492 2681 750 2754 Lacedaemonis,
774 2680 1015 2742 Aristoteles
1039 2679 1075 2737 in

43 2763 144 2824 libris
182 2765 479 2842 problematom]
510 2763 648 2840 scripsit,
684 2783 745 2841 quo
775 2763 967 2825 manifestior
989 2763 1077 2822 lieret

44 2850 286 2927 exploratiorque
296 2850 424 2910 militum
437 2848 587 2910 securitas
601 2855 631 2909 et
642 2851 795 2910 alacritas.
825 2851 918 2910 ‘Nam
934 2848 1073 2928 (1111111611-
1085 2856 1119 2910 18

44 2931 110 2992 tiae’
113 2935 247 3010 „inquit
261 2935 425 2996 ‘ettimori
437 2952 507 2995 cum
519 2932 715 3010 ingressione
725 2933 942 2996 huiuscemodi
953 2933 1075 2995 minime

45 3020 178 3080 conuenit
191 3028 221 3080 et
233 3027 333 3082 maest
334 3021 386 3080 iat
389 3037 450 3096 que
462 3018 627 3080 formidant
614 3025 662 3081 166
676 3022 714 3081 ab
726 3022 808 3082 hact
796 3027 858 3081 tam
875 3020 1029 3096 intrepida
1039 3035 1075 3077 ac

44 3107 96 3162 tarn
108 3104 223 3165 decora
234 3104 397 3166 incedendi
409 3103 620 3166 modulatione
632 3104 722 3168 aheni
734 3111 829 3167 sun
794 3106 962 3166 Verba
973 3117 1074 3200 pauca
1085 3113 1121 3169 19

45 3187 165 3250 Aristo
129 3189 267 3251 116116
291 3207 387 3268 super
410 3206 447 3250 ca
469 3206 503 3249 re
527 3189 676 3265 apposui:
710 3183 789 3252 Διὰ
812 3190 870 3270 τί,
902 3179 1077 3251 ἐπειδὰν

46 3268 309 3380 κινδυνεύενν
350 3271 592 3374 μέλλωσιν,
621 3266 722 3376 πρὸς
763 3236 893 3337 ανλὸν
938 3269 1075 3352 ἐμβαί-

47 3371 203 3451 νονσιν;
239 3355 308 3421 ἵνα
331 3379 429 3433 τους
454 3350 656 3432 ὃειλούς’
636 3361 979 3442 νισχημονοῦντας
1006 3378 1078 3436 γι-

47 3405 257 3506 odouacro
