2456 3918
172 212 215 278 86
590 213 625 270 ΙΙ.
645 227 701 270 xrr.
723 226 791 270 xru.

145 394 163 446 a
237 381 312 441 Cum
329 379 408 438 lranc
427 379 526 454 legem
548 378 722 452 Solonis,
746 375 891 453 singulari
909 375 1059 453 sapientia
1070 373 1194 450 praediti,

176 465 369 542 legissemus,
377 463 474 523 tenuit
484 479 543 524 nos
555 462 659 540 grauis
669 464 821 540 quaedam
831 461 863 523 in
875 460 1026 540 principio
1040 457 1193 528 admiratio,

175 547 352 625 requirens,
366 565 458 622 quam
474 547 514 606 ob
526 564 652 610 causam
663 547 774 622 dignos
787 562 859 608 esse
867 562 971 622 poena
982 541 1194 610 existimarant,

146 644 163 698 3
175 632 227 709 qui
240 649 274 692 sc
286 633 428 708 procula
444 631 595 692 seditione
608 639 639 692 et
651 630 732 693 ciuili
746 647 853 707 pugna
862 628 1081 692 remouissent.
1125 627 1194 696 lum,

176 717 227 794 qui
241 714 363 792 penitus
375 723 468 792 atque
486 717 546 776 alte
561 733 652 777 usum
668 732 705 776 ac
723 712 908 777 sententiam
925 711 1003 790 legis
1020 711 1195 786 introspexe-

175 807 252 872 rant‚
265 816 327 861 non
340 800 380 858 ad
392 800 639 874 augendamsed
651 801 691 859 ad
704 799 905 860 desinendam
916 796 1101 859 seditionem
1114 796 1197 884 legem

147 887 334 949 lhanccsse
345 882 498 944 dicebant.
541 885 581 944 Et
594 901 644 945 res
657 901 800 960 prorsum
815 900 851 945 se
865 882 911 944 sic
926 881 1049 942 habent.
1095 880 1165 940 Nam
1180 894 1198 936 sl

174 968 248 1029 boni
269 985 395 1040 omnes,
418 968 469 1044 qui
488 968 518 1028 in
536 966 686 1044 principio
705 967 898 1029 coercendae
910 963 1061 1028 seditioni
1079 962 1200 1038 impares

175 1052 300 1125 luerint,
323 1054 474 1130 populum
490 1052 641 1128 percitum
657 1058 851 1113 clamentem
866 1048 1150 1120 nondeseruerinl,
1170 1044 1201 1102 ad

175 1139 352 1198 alterutram
371 1143 491 1213 partem
508 1135 603 1197 diuidi
622 1133 915 1209 seseadiunxerint‚
936 1142 1002 1196 tum
1025 1132 1162 1203 eueniet,
1177 1135 1203 1187 nt

176 1238 245 1282 curn
257 1219 335 1281 socii
347 1219 444 1296 partis
456 1237 599 1282 seorsum
613 1221 775 1297 utriusque
787 1219 899 1282 luerint
918 1235 1037 1294 eaeque
1057 1223 1162 1294 partes
1173 1214 1201 1272 al

174 1305 237 1377 his,
249 1311 283 1364 ut
298 1304 423 1365 maioris
435 1304 626 1367 auctoritatis
638 1304 727 1378 uiris,
740 1303 953 1381 temporariae
965 1302 1032 1378 regi
1046 1299 1203 1377 coeperint.

176 1387 344 1449 concordia
361 1405 492 1464 percos
510 1389 705 1466 potissimum
723 1388 842 1450 restitui
861 1386 1084 1462 conciliarique
1106 1381 1203 1462 possit,

175 1474 248 1534 dum
260 1478 291 1532 et
302 1489 394 1547 suos,
417 1474 500 1550 apud
511 1489 591 1549 quos
608 1480 697 1547 sunt,
719 1479 830 1549 regunt
841 1479 935 1548 atque
948 1470 1112 1532 mitificant
1126 1467 1203 1528 etol-

174 1557 331 1618 uersarios
344 1563 471 1618 sanatos
481 1558 578 1633 magis
592 1558 718 1634 cupiunt
731 1575 823 1633 quam
835 1557 988 1634 perditos.

147 1654 164 1706 5
237 1643 304 1702 Hoc
331 1641 413 1702 idem
437 1641 651 1703 Fauorinus
677 1640 881 1718 philosophus
904 1642 983 1702 inter
1006 1641 1121 1700 iratres
1144 1654 1205 1713 qno-

176 1743 237 1802 que
251 1733 303 1786 aut
314 1719 432 1786 amicos
446 1725 625 1786 dissidentis
638 1733 784 1802 oportere
801 1725 867 1786 lieri
879 1725 1044 1798 censebat,
1057 1731 1108 1797 ut,
1124 1722 1174 1799 qui
1183 1721 1205 1779 in

175 1809 277 1871 medlo
290 1816 362 1872 sunt
372 1811 533 1886 utriusque
552 1808 648 1886 partis
666 1810 817 1882 beniuoli‚
841 1809 918 1872 siin
939 1807 1115 1870 concordia
1136 1804 1208 1866 adni-

174 1896 268 1956 tenda
279 1911 388 1971 parum
404 1893 593 1956 auctoritatis
607 1893 696 1970 quasi
706 1893 841 1970 ambigui
850 1893 940 1955 amici
952 1892 1135 1966 habuerint,
1155 1897 1210 1950 tum

175 1977 286 2056 alterii]
308 1978 338 2038 in
367 1981 493 2039 alteram
505 1983 625 2055 partem
637 1978 800 2040 discedant
817 1995 854 2039 ac
867 1995 923 2054 per
936 1977 967 2037 id
980 1975 1128 2037 meritum
1140 1975 1210 2036 uian

146 2073 163 2128 6
177 2063 234 2124 sibi
242 2065 281 2123 ad
292 2062 660 2137 utriusqueconcordiam
671 2063 818 2124 muniant.
832 2064 1042 2126 ‘Nuncautem
1051 2061 1209 2137 plerique’.

176 2146 288 2221 inquit,
303 2152 313 2181 ‘
321 2145 418 2221 partis
430 2145 592 2222 utriusque
604 2146 702 2219 amici,
716 2147 806 2224 quasi
817 2147 916 2224 probe
928 2144 1051 2219 iaciant,
1068 2146 1155 2207 duos
1167 2139 1211 2202 liti-

175 2235 284 2304 gantes
293 2229 463 2289 destituunt
474 2236 504 2290 et
515 2230 690 2307 relinquunt
697 2232 876 2307 deduntque
888 2247 944 2291 eos
956 2230 1126 2291 aduocatis
1139 2225 1203 2288 mali

174 2311 256 2373 uolis
279 2319 332 2372 aut
353 2313 470 2386 auaris
494 2314 546 2390 qui
557 2313 625 2375 lites
641 2316 821 2391 animasque
834 2331 942 2376 eorum
959 2313 1159 2374 inflamment
1171 2327 1213 2370 au

176 2395 237 2456 odii
250 2395 352 2456 studio
366 2403 419 2458 aut
429 2398 515 2458 lucri.

656 2516 734 2576 xlll.

197 2617 311 2671 Liberos
335 2619 363 2671 in
389 2615 571 2673 multitudinis
597 2635 713 2674 numero
744 2621 830 2696 eliam
846 2635 932 2674 unum
957 2618 1047 2673 filiurn
1071 2618 1198 2674 iiliamue

579 2708 690 2757 ueteres
708 2703 826 2758 diruisse.

146 2818 161 2869 1
234 2812 398 2888 Antiqui
421 2818 623 2884 oratores,
660 2811 940 2888 historiaeque
973 2817 1040 2871 aut
1076 2807 1201 2870 carmi

174 2909 259 2953 num
290 2897 511 2972 scriptores
551 2895 642 2955 etiam
668 2913 763 2958 unum
785 2896 880 2956 filium
899 2894 1035 2956 filiamue
1067 2894 1207 2955 ‘liberos

146 2977 374 3040 amultitudinis
388 2996 515 3040 numero
528 2980 730 3055 appellarunt.
775 2982 872 3056 quue
885 2997 960 3053 noa,
981 2995 1055 3040 oum
1067 2980 1104 3040 in
1125 2995 1171 3040 co
1182 2994 1209 3036 m

175 3061 345 3134 plurium
364 3070 536 3123 ueterum
561 3061 673 3124 libris
696 3063 846 3140 scriptum
866 3062 1057 3138 aliquotiens
1082 3065 1212 3124 aduert

173 3143 283 3216 rimus,
320 3162 402 3206 nune
422 3161 547 3221 quoque
567 3145 608 3205 in
631 3147 733 3208 libro
754 3146 975 3224 Sempronii
997 3145 1210 3210 Asellioni

175 3235 521 3303 rerumgestarum
543 3229 683 3302 quinto
706 3231 748 3291 ita
770 3231 907 3308 positum
928 3247 1002 3293 esse
1017 3231 1213 3292 offendimu

146 3309 204 3368 31s
216 3311 367 3372 Asellio
381 3312 439 3371 sub
451 3311 483 3370 P.
497 3311 642 3386 Scipione
653 3314 800 3376 Africano
813 3315 955 3377 tribunus
967 3315 1100 3377 militum
1115 3318 1164 3375 ad
1177 3317 1203 3376 N

176 3393 319 3488 mantiam
330 3394 385 3454 luit
400 3410 513 3468 resque
528 3411 597 3466 eas,
618 3397 730 3472 quibus
743 3399 888 3474 gerendis
901 3399 971 3477 ipse
983 3399 1142 3473 interluit,
1163 3416 1213 3458 co

177 3485 309 3549 scripsit.
