2490 3926
231 714 413 800 tillut
446 712 857 800 ttrtttttttlttt

313 1072 509 1136 CAPl'l'VLA
538 1072 643 1136 LIBRI
672 1070 791 1134 PRIMI.

112 1245 132 1300 l.
163 1245 250 1316 Quali
283 1248 464 1320 proportione
487 1247 644 1319 quibusque
671 1246 882 1303 collectionibus
908 1241 1074 1300 Plutarchus

48 1329 217 1388 ratiocinatum
229 1349 298 1389 esse
309 1331 500 1406 Pythagoram
517 1331 718 1406 philosophum
732 1331 834 1388 dixerit
845 1329 881 1386 de
892 1327 1074 1402 comprehen-

49 1409 121 1469 denda
140 1419 269 1489 corporis
289 1418 473 1490 proceritate,
497 1433 552 1491 qua
573 1417 624 1473 tuit
644 1417 795 1486 Hercules,
818 1433 882 1473 curn
898 1414 985 1472 uitam
1003 1415 1074 1472 iuter

48 1496 152 1556 homines
163 1503 286 1560 uiueret.

111 1583 141 1640 ll.
172 1587 215 1644 Ab
235 1587 350 1645 Herode
368 1587 460 1645 Attico
478 1585 510 1644 G.
521 1587 558 1642 V.
574 1586 740 1660 tempestiue
758 1585 924 1660 deprompta
941 1587 970 1642 in
988 1602 1074 1658 quen-

50 1665 98 1723 dam
115 1671 261 1730 iactantem
281 1679 308 1728 et
334 1673 490 1746 gloriosum
513 1671 736 1739 adulescentem,
766 1672 861 1745 specie
886 1677 990 1728 tantum
1013 1671 1074 1744 phi·

49 1751 168 1824 losophiae
181 1764 365 1827 sectatorem,
378 1759 465 1814 uerba
473 1757 591 1830 Epicteti
603 1756 705 1825 Stoici,
718 1758 819 1829 quibus
831 1757 966 1814 lestiuiter
978 1773 995 1812 a
1005 1772 1074 1814 uero

51 1832 122 1894 Stoico
138 1843 261 1900 seiunxit
271 1845 374 1917 augus
387 1843 547 1915 loquacium
564 1844 749 1909 nebulonrun,
773 1843 821 1913 qui
839 1857 870 1897 se
882 1840 992 1900 Stoicos
1006 1858 1075 1898 nun·

52 1932 166 1992 cuperent.

112 2009 152 2066 lll.
176 2011 262 2082 Quod
280 2011 360 2071 chito
371 2011 614 2070 Lacedaemonius
634 2011 782 2068 consilinm
799 2025 904 2084 anceps
915 2027 967 2082 pro
985 2011 1075 2068 salute

52 2092 112 2148 amici
131 2099 219 2170 cepit3
241 2097 374 2171 quodque
395 2105 438 2154 est
458 2098 662 2169 circumspecte
680 2104 708 2153 et
724 2097 807 2154 anxie
826 2095 1075 2167 considerandum,

52 2187 125 2248 arpro
142 2183 306 2261 utilitatibus
322 2183 476 2240 amicorum
496 2181 715 2255 delinquendum
733 2181 884 2255 aliquando
897 2183 949 2250 sit;
970 2187 1076 2239 notata·

53 2273 90 2328 que
101 2262 158 2322 inibi
169 2273 196 2324 et
207 2270 313 2337 relata,
331 2284 403 2341 quae
420 2273 447 2323 et
463 2267 674 2340 Theophrastus
690 2272 718 2323 et
728 2267 767 2323 Μ.
780 2266 878 2324 Cicero
897 2283 982 2340 super
1000 2282 1035 2323 ea
1044 2282 1075 2324 re

53 2358 206 2418 stnpserunt.

113 2432 166 2490 llll.
191 2437 284 2508 Quam
307 2437 426 2494 tenuiter
444 2438 611 2510 curioseque
630 2437 820 2510 exploreuerit
835 2436 975 2494 Antonius
995 2437 1076 2494 lulia-

53 2525 89 2568 nus
104 2517 128 2572 in
143 2524 269 2580 oratione
287 2523 327 2579 Μ.
341 2521 423 2579 Tullii
442 2522 521 2579 uerbi
536 2523 570 2578 ab
582 2538 616 2577 eo
628 2523 725 2578 mutati
737 2523 887 2595 argutiam.

113 2601 146 2659 V·
175 2606 261 2676 Quod
281 2606 486 2664 Demosthenes
509 2606 603 2663 rhetor
626 2609 701 2663 cultu
724 2608 851 2680 corporis
872 2613 953 2678 atque
973 2605 1076 2661 uestitu

54 2685 137 2748 lrobris
156 2693 280 2748 obnoxio
306 2687 457 2766 infamique
480 2690 618 2748 munditia
642 2693 709 2761 luit;
728 2692 859 2765 quodque
878 2692 943 2746 item
959 2689 1076 2746 Horten-

55 2766 95 2823 sius
112 2781 198 2831 orator
219 2779 256 2833 ob
273 2777 413 2834 eiusmodi
432 2777 584 2834 munditias
602 2782 768 2849 gestumque
788 2778 817 2832 in
834 2775 947 2849 agendo
964 2773 1075 2831 histrio·

56 2863 102 2908 tum
110 2854 256 2934 Dionysiae
274 2863 462 2920 saltatriculae
476 2867 662 2936 cognomento
675 2863 859 2934 compellatus
871 2865 924 2917 est.

115 2941 158 2998 Vl.
176 2946 274 3004 Verba
290 2963 327 3004 ex
346 2949 471 3004 oratione
484 2946 588 3003 Metelli
606 2946 761 3015 Numidici,
783 2963 868 3020 quarn
880 2945 950 3003 dixit
967 2946 996 3001 in
1011 2959 1077 3001 cen-

57 3033 104 3076 sura
118 3027 150 3083 ad
171 3033 323 3104 populum,
352 3050 416 3089 cum
434 3049 498 3089 eum
519 3031 557 3088 ad
573 3047 678 3088 uxores
696 3031 842 3089 ducendas
861 3031 1075 3099 adhortaretnr3

57 3115 122 3236 {tque
138 3117 222 3173 oratio
235 3133 319 3189 qnam
336 3120 372 3175 ob
392 3133 508 3174 causam
525 3115 699 3190 reprehensa
710 3122 738 3173 et
753 3134 808 3190 quo
822 3123 919 3174 contra
929 3115 1015 3171 modo
1028 3113 1076 3170 de·

65 3199 115 3248 elsa
130 3198 170 3254 sit.

117 3280 170 3340 Vll.
189 3287 220 3342 ln
236 3285 317 3344 hisce
334 3287 429 3344 uerbis
443 3286 587 3344 Ciceronis
599 3289 772 3344 exoratione
785 3287 880 3359 quinta
898 3285 928 3339 in
938 3285 1075 3340 Verrem:

60 3353 113 3417 Hanc
132 3368 179 3426 sibi
205 3388 265 3428 rem
281 3372 427 3445 praesidio
450 3377 565 3445 sperant
587 3373 723 3442 futurum,
746 3387 837 3443 neque
855 3368 989 3425 mendum
1011 3383 1076 3426 esse

60 3455 125 3516 reque
136 3455 239 3527 uitium,
258 3473 409 3530 errareque
421 3461 507 3528 istos,
521 3458 568 3531 qui
581 3460 672 3514 bonos
690 3457 776 3514 libros
793 3456 900 3511 uiolant
910 3461 938 3510 et
956 3455 1077 3511 suturam

62 3529 166 3610 eribunt3
182 3547 262 3616 atque
280 3544 319 3600 ibi
338 3542 373 3600 de
392 3543 516 3617 quodam
535 3544 590 3600 alio
604 3542 747 3600 ciceronis
764 3543 852 3596 uerbo
865 3538 985 3608 dictum,
1001 3535 1077 3611 quod
