2456 3918
163 219 205 284 96
619 218 746 276 ll.xx11.

165 405 220 450 sus
232 385 408 464 aquilonem
419 386 489 458 llat;
509 383 581 446 item
594 386 671 445 alter
689 383 880 457 clanculus&
900 382 953 460 qui
972 384 1088 444 Graece
1105 379 1201 461 ζέφυ-

165 491 224 553 ρος
235 476 381 533 uocatur:
405 470 433 531 is
450 471 602 530 aduersus
615 485 724 530 eurum
743 468 812 540 tlat;
836 467 947 530 tertius
963 466 1121 540 ‘alricus’,
1149 467 1202 544 qui

123 566 158 621 13
165 558 281 617 Graece
294 554 403 628 εαἰψ’,
416 555 569 615 aduersus
580 556 758 616 uoltumum
770 552 852 613 lacit.
886 551 952 614 Hae
965 553 1046 613 duae
1057 551 1200 626 regiones

165 640 241 701 caeli
257 639 382 701 orientis
401 637 634 713 occidentisque
651 637 730 699 inter
751 653 824 699 sese
840 638 993 698 aduersae
1009 653 1066 697 sex
1087 637 1202 697 habere

121 730 274 788 tenentos
286 723 442 785 uidentur,
474 720 620 783 Meridies
637 729 755 795 autem,
775 721 921 797 quoniam
934 727 1019 783 certo
1032 727 1124 798 atque
1139 721 1200 781 fixo

163 807 257 868 limite
269 814 327 881 est,
339 823 434 869 unum
446 805 634 867 meridialem
645 813 773 868 uentum
782 804 930 867 habet2is
942 805 1049 866 Latine
1061 809 1201 892 fenster,

164 895 281 954 Graece
304 885 437 964 ‘vorce’
463 890 651 965 ncndnatur,
675 890 821 967 quoniam
847 897 896 952 est
915 890 1085 951 nebulosus
1107 896 1201 965 atque

121 983 322 1049 15umectus;
336 973 460 1048 ‘voris’
477 975 558 1037 enim
571 975 687 1038 Graece
697 992 788 1036 umor
800 975 984 1036 nominatur.
1014 973 1203 1049 Septentrio-

162 1076 219 1122 nes
232 1066 336 1121 autem
347 1061 461 1122 habent
473 1061 513 1121 ob
526 1061 656 1121 eandem
668 1076 794 1122 causam
811 1077 917 1121 unum.
951 1061 981 1119 ls
1001 1057 1144 1120 obiectus
1165 1057 1203 1116 di-

162 1152 332 1220 rectusque
359 1144 390 1207 in
417 1151 572 1219 austrum,
600 1144 707 1206 Latina
735 1142 1063 1222 ‘septennionarius',
1086 1143 1204 1203 Graece

122 1220 382 1309 lurdoapurtag’
402 1231 584 1306 appellatus.
608 1231 656 1290 Ex
666 1227 713 1290 his
726 1234 797 1291 octo
809 1230 911 1290 uentis
924 1228 974 1289 alii
985 1233 1121 1304 quatuor
1132 1243 1204 1287 uen-

162 1320 214 1375 tos
233 1314 398 1375 detrahunt
414 1320 508 1390 atque
523 1313 555 1373 id
573 1315 676 1374 lacere
691 1329 727 1374 se
750 1311 856 1374 dicunt
877 1315 1040 1374 Homero
1064 1319 1204 1382 auctore,

164 1397 218 1473 qui
230 1398 316 1460 solos
330 1405 464 1474 quatuor
474 1405 587 1460 uentos
598 1396 735 1459 nouerit:
760 1413 883 1472 eumm,
907 1404 1060 1469 austrum,
1085 1395 1205 1472 aquilo-

122 1489 243 1556 l'lnem,
256 1482 429 1556 lenonium,
448 1489 612 1559 aquatuor
625 1481 703 1542 caeli
720 1481 875 1558 partibus,
895 1499 972 1559 quas
987 1479 1078 1556 quasi
1088 1479 1204 1557 primas

163 1565 406 1640 nominauimuS,
425 1566 544 1628 oriente
562 1565 680 1628 scilicet
698 1571 792 1642 atque
809 1567 971 1628 occidente
988 1564 1155 1626 latioribus
1168 1571 1206 1624 at-

121 1659 155 1715 18
165 1667 226 1726 que
244 1650 449 1728 simplicibus,
466 1669 530 1713 non
542 1650 710 1728 tripertitis.
731 1649 845 1712 Partim
856 1658 959 1712 autem
973 1656 1060 1723 sunt,
1080 1650 1139 1726 qui
1151 1667 1203 1727 pro

164 1743 235 1796 octo
248 1735 413 1797 duodecim
426 1734 547 1807 iaciant,
560 1735 669 1797 tertios
684 1743 818 1810 quatuor
828 1735 859 1796 in
871 1735 971 1798 media
983 1738 1053 1796 loca
1064 1733 1204 1796 inseren-

161 1826 209 1881 tes
225 1819 365 1894 cir[cun1]
384 1819 556 1894 meridiem
574 1825 615 1894 et]
636 1819 864 1896 septentriones
877 1822 985 1883 eadem
997 1819 1133 1893 ratione,
1149 1837 1206 1895 qua

162 1904 293 1966 secundi
305 1913 439 1981 quatuor
449 1903 580 1967 intersiti
586 1910 658 1966 sunt
664 1904 745 1964 inter
750 1903 903 1981 primores
917 1907 997 1967 duos
1006 1904 1092 1982 apud
1105 1904 1206 1966 orien-

161 1996 224 2050 tem
237 1988 505 2065 occidentemque.

120 2115 153 2170 19
228 2107 307 2167 Sunt
323 2125 419 2184 porro
437 2107 496 2170 alia
515 2108 666 2184 quaedam
679 2107 804 2169 nomina
816 2107 905 2184 quasi
916 2105 1125 2184 peculanum
1137 2124 1210 2168 uen-

161 2197 279 2264 torum,
298 2208 379 2266 quae
396 2191 516 2252 incolae
533 2191 563 2252 in
581 2193 646 2254 suis
660 2192 792 2268 quisque
809 2192 987 2268 regionibus
1000 2194 1149 2252 lecerunt
1161 2201 1211 2252 aut

163 2290 202 2334 ex
225 2276 365 2336 locorum
394 2276 570 2351 uocabulis,
594 2277 624 2338 in
648 2276 759 2354 quibus
784 2279 903 2350 colunt,
926 2284 980 2337 aut
1000 2293 1039 2338 ex
1061 2277 1129 2338 alia
1152 2294 1210 2351 qua

119 2372 154 2426 20
165 2375 276 2433 causa,
289 2377 369 2435 quae
381 2362 421 2421 ad
436 2361 609 2423 laciendum
620 2362 807 2424 uocabulum
818 2360 982 2446 acciderat.
1005 2361 1115 2422 Nostri
1128 2378 1213 2421 nam-

163 2460 224 2520 que
248 2443 324 2504 Galli
339 2454 466 2508 uentum
484 2463 524 2508 ex
541 2464 599 2508 sua
613 2453 698 2508 terra
710 2446 851 2520 flantem,
875 2463 967 2522 quem
986 2444 1213 2507 saeuissimum

162 2527 334 2604 patiuntur,
348 2529 509 2592 ‘circium'
521 2532 680 2608 appellant
691 2548 710 2592 a
721 2530 856 2604 turbine,
875 2530 995 2608 opinor,
1008 2528 1075 2592 eius
1089 2547 1133 2591 ac
1146 2547 1216 2590 uer-

118 2625 152 2678 21
162 2612 266 2689 tigine.
297 2605 462 2694 Ἰαπυγίας
484 2615 582 2691 ipsius
602 2632 656 2677 ore
672 2615 949 2693 proficiscentem]
967 2615 1072 2691 (quasi
1094 2615 1216 2676 finibus

159 2697 306 2774 Apuliae)
321 2701 438 2778 [Apuli]
452 2701 572 2774 eodem,
586 2717 648 2776 quo
661 2698 721 2778 ipsi
731 2707 816 2775 sunt,
830 2700 954 2761 nomine
966 2699 1159 2778 ‘iapygem’
1175 2699 1218 2758 dl-

117 2788 245 2846 uacunt.
279 2785 358 2844 Eum
370 2800 442 2847 esse
454 2785 682 2861 propemodum
701 2802 827 2846 caurum
843 2784 1001 2858 existimo;
1025 2801 1102 2844 nam
1122 2791 1157 2845 et
1169 2791 1221 2844 est

117 2867 363 2931 ussoccidentalis
392 2875 423 2930 et
449 2867 572 2930 uidetur
600 2871 808 2932 exaduersum
831 2887 940 2930 eurum
960 2869 1048 2930 llare.
1100 2871 1218 2944 Itaque

159 2951 361 3026 Vergilius
375 2954 569 3034 Cleopatram
581 2971 598 3014 e
610 2954 712 3016 nauali
722 2953 841 3031 proelio
854 2954 885 3016 iu
895 2958 1077 3031 Aegyptum
1090 2953 1221 3030 lugien-

82 3033 86 3048 '
159 3041 222 3095 tem
234 3043 328 3098 uento
345 3037 483 3115 iapyge
503 3038 575 3100 lerri
591 3037 647 3111 ait,
666 3056 755 3101 ecum
783 3056 909 3116 quoque
926 3039 1063 3115 Apulum
1083 3039 1220 3108 eodem,

116 3129 223 3195 atquo
253 3127 394 3195 uentum,
424 3124 579 3184 uocabulo
603 3123 783 3202 ‘iapygem’
805 3121 981 3201 appellauit.
1032 3124 1094 3184 Est
1119 3122 1189 3184 etia

159 3211 272 3266 uentus
288 3205 412 3267 nomine
429 3207 598 3282 ‘caecias’‚
616 3225 709 3284 quem
720 3207 960 3270 Aristoteles
977 3207 1020 3268 ita
1030 3208 1116 3270 flare
1129 3207 1214 3268 dicit

158 3295 193 3350 ut
204 3291 303 3351 nubes
320 3307 382 3351 non
394 3293 504 3368 procul
521 3294 690 3370 propellat,
708 3293 766 3354 sed
780 3300 815 3355 ut
826 3296 866 3354 ad
878 3309 950 3356 sese
961 3299 1070 3366 uocet,
1092 3309 1138 3354 ex
1151 3309 1221 3368 qu

158 3389 285 3434 uersum
297 3381 379 3436 stum
390 3377 619 3453 prouerbialem
632 3380 746 3440 lactum
758 3378 814 3440 ait:

194 3495 349 3569 Ἕλκαν
371 3499 433 3589 ἐφ’
458 3501 604 3584 αὐτόν,
630 3502 752 3587 cissae]
771 3513 941 3588 καικίας
963 3511 1110 3595 νέφος,
