2456 3918
190 224 251 289 100
643 224 679 282 11.
691 236 783 284 xxrrr.

190 396 230 454 de
242 393 306 454 uita
316 387 475 452 hominum
491 387 593 450 media
604 395 777 465 sumptum,
795 387 928 466 simplex
946 396 977 450 et
988 406 1098 452 uerum
1109 397 1139 450 et
1150 392 1216 450 dele·

190 477 309 549 ambite,
328 474 434 536 nescio
449 491 510 550 quo
522 480 630 550 pacto,
644 471 756 536 omisit.
790 474 875 533 Idem
890 475 971 534 enim
982 473 1034 534 ille
1045 473 1168 536 maritus
1181 491 1216 535 se-

189 579 251 623 nex
273 578 343 621 cum
363 561 460 622 altero
484 574 560 620 sene
576 555 680 618 uicino
695 559 879 633 colloquens
896 565 927 619 et
942 557 1052 620 uxoris
1070 558 1215 635 locupletis

190 645 368 723 superbiam
381 645 565 720 deprecans,
578 642 655 701 haec
667 639 723 701 ait:

222 786 374 896 ”Exmd’
400 791 624 897 ἐπίκληρον
645 787 823 874 Λάμιαν·
846 813 922 856 ουκ
944 789 1090 874 εἴρηκα
1111 808 1170 856 σοι

234 872 371 954 Τοῦτ’;
363 869 511 940 ·ελτ’”
490 870 550 960 αρ’
576 870 688 958 οὐχίς
711 876 862 960 κοοιαν
883 898 953 958 της
975 877 1110 953 οἰκίας

231 961 309 1028 Καὶ
331 963 410 1025 τῶν
432 955 571 1063 ἀγροῖο
598 969 675 1022 Kar
695 969 890 1021 aaaron
909 968 1004 1022 ANT
1023 967 1215 1022 nunaunt

222 1040 407 1129 ’Ἑχομεν,
433 1038 649 1128 Ἄπολλον,
694 1038 744 1121 ὥς
777 1046 963 1127 χαλεποῖο
994 1043 1216 1127 χαλεπώτα-

796 1151 881 1194 τον·

223 1207 241 1234 ‘'
233 1207 421 1280 Α’ποισιδ
443 1207 621 1313 ἀργαλέα
642 1206 759 1291 'otim
789 1207 863 1277 οὐκ
884 1209 972 1296 ἐμοὶ
995 1208 1152 1317 μόνῳ,

235 1298 328 1386 Τίῳ,
352 1292 454 1361 πολὺ
477 1300 635 1380 μᾶλλον
659 1299 846 1381 doratio
880 1301 941 1374 [Β.]
963 1291 1111 1382 πρᾶγμ’
1131 1290 1216 1380 ἅμα·

794 1403 867 1463 χον
889 1379 1041 1464 λέγεις,

231 1455 290 1530 Εὖ
311 1459 410 1530 οἶδα.

146 1626 181 1682 13
193 1618 384 1680 Caecilius
402 1635 479 1680 uero
491 1618 593 1681 hocin
605 1622 675 1681 loeo
688 1619 836 1681 ridiculus
852 1619 960 1695 magis
974 1637 1067 1696 quam
1078 1635 1220 1696 personae¹

188 1702 253 1776 isti,
274 1720 366 1780 quam
382 1704 547 1776 tractabat,
570 1712 661 1782 aptus
679 1710 773 1780 atque
791 1703 981 1765 conueniens
1004 1703 1107 1765 uideri
1122 1701 1220 1764 inoluit

190 1786 242 1848 Sic
255 1787 337 1849 enim
348 1788 425 1848 haec
442 1786 591 1864 corrupit:

232 1925 296 1996 [A]
342 1922 415 1984 Sed
455 1920 524 1984 tria
558 1939 765 1985 morosane
796 1920 914 1996 uxor
956 1939 1123 1998 quaeso,
1158 1921 1217 1982 cst?

704 2008 764 2079 [Β.]
788 2003 901 2082 qutim
925 2009 1116 2083 (e)rogas?

231 2093 294 2164 [Α.]
331 2089 593 2165 Quitaindem?
630 2091 855 2247 [Bdnffidet
877 2087 1100 2164 mentionis,
1140 2087 1219 2174 quac

229 2253 470 2319 Vbidomum
495 2256 652 2332 adueni,
677 2255 827 2331 adsedi,
850 2259 1042 2333 extemplo
1067 2256 1204 2320 sauiun
1218 2295 1219 2345 t

229 2343 299 2402 Dat
319 2339 451 2401 ie'iuna
473 2341 604 2402 anima.
650 2344 713 2415 [Α.]
736 2337 862 2416 N(ih)il
885 2349 1025 2418 peccat
1046 2341 1091 2401 de
1117 2340 1217 2404 sauia

229 2426 274 2485 Ut
298 2422 481 2486 deuomas
503 2428 601 2499 uult,
626 2423 726 2501 qudd
749 2425 845 2487 ioris
867 2424 1079 2502 putaueris.

145 2583 180 2638 14
254 2571 333 2648 Quid
352 2574 391 2634 de
408 2573 459 2636 illo
481 2578 709 2652 quoquotum,
732 2575 762 2636 in
784 2583 915 2651 utraque
935 2572 1099 2636 comoedia
1121 2572 1212 2651 posito

189 2657 356 2720 existimari
367 2659 493 2732 debeat,
506 2659 701 2722 manifestum
715 2667 778 2734 est,
793 2659 881 2721 ouius
893 2657 956 2720 loci
967 2660 1044 2719 hacc
1057 2660 1155 2720 ferme
1168 2673 1211 2718 sen

145 2755 179 2806 15
189 2743 306 2806 tentia:
351 2742 427 2804 Filia
453 2742 587 2806 hominis
615 2744 762 2822 pauperis
795 2744 826 2805 in
851 2742 1013 2820 peruigilio
1041 2742 1151 2805 uitiata
1178 2747 1217 2801 est

145 2837 179 2892 16
188 2830 234 2890 Ea
245 2846 296 2890 res
310 2831 388 2890 clam
399 2835 520 2905 patrem
530 2829 600 2902 suit,
620 2836 651 2890 et
660 2830 831 2891 habebatur
842 2845 900 2905 pro
914 2827 1044 2906 uirgine.
1081 2829 1130 2888 Ex
1143 2844 1178 2887 eo
1189 2823 1217 2884 ui·

144 2919 200 2975 ltt
188 2911 230 2973 tio
249 2911 380 2988 grauida
395 2913 554 2975 mensibus
574 2912 692 2976 exactis
710 2913 851 2992 parturit.
888 2912 1006 2975 Seruus
1023 2913 1129 2975 bonae
1146 2907 1217 3002 trogi

144 3004 180 3059 18
191 3014 261 3057 cum
283 2997 479 3073 proforibus
500 2997 1003 3076 domusstaretetetpropinquare
1024 3003 1150 3074 partum
1171 2993 1213 3054 erit

187 3079 268 3141 filiae
280 3086 375 3157 atque
386 3081 510 3144 omnino
527 3081 636 3144 uitium
653 3100 725 3145 esse
744 3084 881 3146 oblatum
892 3081 1068 3180 ignoraret,
1087 3003 1217 3178 gemituri

187 3173 217 3226 et
228 3167 384 3241 ploratum
395 3166 481 3227 audit
468 3166 636 3243 tpuellae
628 3185 659 3228 m
670 3168 837 3247 puerperio
851 3167 1009 3229 enitentis:
1022 3165 1117 3240 timet,
1130 3157 1216 3226 irasci

144 3257 199 3312 lttt
200 3267 237 3310 ur
239 3249 451 3328 ‚suspicatur‚
464 3251 643 3327 miseretur,
657 3253 750 3316 dolet.
781 3253 821 3314 Hi
838 3269 946 3316 omnes
959 3270 1010 3314 mo
1012 3259 1062 3313 tus
1075 3250 1143 3312 eius
1161 3247 1216 3310 ade

187 3333 362 3412 ctionisque
374 3335 466 3395 animi
477 3335 508 3397 in
516 3337 634 3398 Graeca
647 3337 773 3413 quidem
783 3338 946 3400 comoedia
955 3335 1132 3399 mirabiliter
1144 3345 1216 3395 acret

186 3417 377 3494 etillustres‚
397 3421 481 3497 apud
500 3421 707 3483 Caecilium
729 3431 833 3484 autem
848 3423 938 3500 pigra
948 3423 1046 3484 istaec
1059 3419 1163 3484 omnia
1174 3427 1213 3478 cti

142 3511 178 3564 20
185 3517 287 3564 rerum
300 3504 446 3580 dignitate
459 3513 552 3583 atque
564 3505 662 3582 gratia
672 3523 774 3570 uacua
785 3513 866 3570 sunt.
901 3508 990 3583 Post,
1007 3505 1060 3569 ubi
1071 3505 1156 3568 idem
1169 3519 1212 3565 ser
