2456 3918
401 236 438 296 lI.
469 253 547 298 xnrr.
579 253 631 297 xv.
991 237 1032 306 87

68 405 129 464 Eius
138 405 234 464 uerba
249 406 289 468 de
300 404 422 466 'liberio
438 405 592 478 Graccho,
614 405 738 466 tribuno
756 408 813 483 pl.,
834 424 894 483 quo
913 408 942 468 in
962 417 1066 475 tem-4

22 505 80 564 pore
94 489 267 550 interlectos
289 490 320 549 in
341 488 489 567 Capitolio
514 497 575 562 est,
598 490 675 550 haec
697 498 787 552 sunt:
812 493 898 552 Nam
920 495 1032 555 Grac-

23 574 209 634 chusdomo
231 591 312 634 cum
329 573 679 652 proficiscebatur,
696 592 894 651 numquam
911 577 1032 639 minus

21 665 106 717 terna
121 664 182 718 aut
206 664 397 733 quaterna
414 659 518 719 milia
539 659 726 720 hominum
749 660 1032 736 sequebantur.

19 745 100 817 Atque
119 742 189 802 inde
210 743 291 803 inlra
313 745 353 803 de
377 745 488 805 eodem
511 744 651 804 Graccho
673 744 715 804 ita
738 744 877 821 scripsit:
918 745 1061 810 Orarea

19 826 126 901 coepit
147 827 185 886 id
206 827 376 902 quidem,
399 834 439 889 ut
460 845 500 890 se
523 828 780 889 defenderent
804 829 1034 906 liberosque

18 927 106 982 snos;
124 927 217 983 cunr,
244 929 355 988 quem
374 912 489 973 ulrile
511 928 628 973 secus
644 919 721 973 tum
739 912 776 972 in
794 930 836 974 eo
855 920 1034 990 ternpore

18 993 165 1068 lababat,
189 996 350 1071 produci
373 997 491 1058 iussit
506 997 731 1072 populoque
750 998 1035 1059 commendauit

17 1095 114 1154 prope
137 1081 246 1141 flens

473 1212 565 1274 XIIII.

17 1328 80 1396 Quod
95 1332 206 1388 Marcus
224 1331 292 1389 Cato
316 1335 346 1389 in
370 1335 454 1401 libro,
473 1335 519 1406 qui
536 1333 689 1404 iuscriplus
711 1337 755 1387 est
774 1335 873 1386 contra
894 1330 1035 1386 Tiberium

48 1417 164 1484 exulem,
184 1418 306 1474 stitisses
322 1418 517 1474 uadlmonium
535 1434 587 1490 per
610 1418 619 1473 i
637 1418 746 1473 literam
764 1415 848 1484 dicit,
870 1432 927 1472 noa
946 1417 1035 1470 stetis·

48 1517 102 1568 ses;
125 1502 242 1572 eiusque
259 1504 337 1560 uerbi
355 1505 426 1558 ratio
441 1502 562 1559 reddita.

60 1633 93 1690 ln
115 1631 212 1692 libro
235 1639 343 1694 uetere
364 1635 405 1694 Μ.
426 1634 603 1707 CatonIs,
631 1633 683 1710 qui
704 1631 880 1694 inscribitur
900 1635 1063 1691 control

16 1713 184 1777 Tiberium
207 1719 376 1792 exulem,
401 1717 550 1794 scriptnm
574 1717 620 1778 sle
640 1726 720 1779 erat:
751 1716 845 1793 Quid
868 1715 905 1776 si
923 1713 1035 1796 uadi-

16 1799 162 1862 monium
190 1801 317 1879 capite
345 1804 532 1864 obuoluto
562 1802 765 1864 stitIsses?
795 1803 891 1861 Recte
911 1798 1064 1874 quidemn

16 1881 51 1941 ille
70 1885 239 1948 stitisses
262 1886 401 1964 scripsit:
426 1888 484 1948 sed
501 1888 578 1948 salsa
599 1895 630 1948 et
650 1887 752 1948 audax
766 1882 1034 1958 [emendatio....]

16 1969 226 2044 emendatores,
251 1975 304 2030 ‘e’
329 1971 446 2048 scripto
478 1976 509 2031 et
535 1989 592 2048 per
619 1971 715 2032 libros
747 1967 925 2030 ‘stetisses’
956 1968 1036 2025 lece-

16 2059 80 2124 runt,
101 2061 259 2131 tamquam
287 2057 464 2118 stillsses
485 2072 600 2117 uanum
621 2062 651 2116 et
677 2054 760 2116 nihili
786 2052 916 2113 uerbum
940 2054 1034 2110 esset.

16 2134 75 2206 Quia
85 2137 188 2212 potius
200 2139 260 2216 ipsi
270 2158 404 2217 nequam
419 2146 449 2201 et
460 2139 544 2200 nihili
555 2147 642 2213 sunt,
666 2140 718 2217 qui
731 2139 889 2215 Ignorant,
912 2133 1064 2196 stitis-a

16 2235 63 2278 ses
79 2222 192 2283 dictum
215 2226 412 2299 aliamne,
434 2224 579 2301 quoniam
597 2224 795 2285 ‘sisteretur’
815 2219 1034 2290 uadimonium,

16 2319 61 2362 aen
82 2311 262 2368 ‘staretur’.

482 2421 550 2484 XV.

16 2531 80 2598 ouon
92 2535 243 2606 antiquitus
259 2538 344 2592 aetati
362 2545 496 2594 senectae
512 2539 688 2610 potissImum
704 2537 791 2595 habiti
809 2539 864 2594 sint
880 2540 965 2610 ampli
986 2539 1036 2594 ho·

47 2636 141 2688 nores;
158 2626 187 2676 et
199 2637 249 2676 cur
263 2628 365 2692 postea
382 2622 419 2678 ad
429 2623 543 2679 maritos
561 2629 589 2678 et
605 2623 642 2680 ad
652 2630 748 2696 patres
764 2623 840 2681 idem
852 2624 897 2678 isti
912 2623 1036 2678 honores

48 2702 123 2761 delati
142 2706 214 2774 sint;
239 2709 321 2776 atque
338 2707 375 2763 ibi
399 2707 540 2780 decapite
558 2708 698 2779 quaedam
712 2709 786 2781 Iegis
801 2709 887 2764 lullae
908 2708 1036 2778 septimo.

64 2837 152 2911 Apud
164 2829 398 2912 antiquissimos
409 2833 620 2895 Romanorum
631 2851 734 2910 neque
751 2834 858 2910 generi
869 2847 972 2908 neque
983 2848 1036 2907 pe·
1049 2843 1063 2896 1

16 2917 105 2980 cuniae
114 2916 324 2998 praestantior
334 2917 436 2978 bonos
447 2917 540 2978 tribui
552 2935 643 2994 quam
655 2917 747 2980 aetati
759 2918 878 2990 solitus,
891 2916 1037 2978 melones-

17 3015 64 3070 que
76 3014 146 3066 natu
158 3023 176 3066 a
187 3000 360 3067 minoribus
374 3003 554 3064 colebantur
565 3005 604 3063 ad
617 3004 710 3063 deum
721 3019 821 3080 prope
833 3010 864 3062 et
874 3009 1035 3078 parentum

17 3081 96 3147 uicem
108 3097 202 3166 atque
214 3089 298 3152 omni
309 3085 339 3146 in
352 3088 422 3148 loco
434 3086 528 3163 inque
546 3087 629 3150 omni
644 3089 750 3164 specie
769 3087 898 3150 bonorIs
915 3087 1036 3165 priores

16 3169 199 3250 potioresque
210 3172 314 3236 habiti.
358 3171 544 3234 Aconuiuio
556 3189 696 3248 quoque,
716 3172 950 3251 utscriptumin
963 3170 1066 3236 anti-2

16 3251 164 3322 quitatibus
182 3265 244 3334 est,
265 3257 406 3321 seniores
423 3273 442 3317 a
463 3257 635 3318 iunioribus
658 3258 784 3319 domurn
805 3257 1039 3319 deducebantur

16 3346 130 3414 tumque
149 3360 268 3404 morem
286 3341 448 3419 accepisse
464 3344 623 3404 Romanos
641 3359 659 3402 a
675 3339 928 3404 Lacedaemoniis
946 3339 1037 3401 tradi-

16 3421 64 3479 tum
75 3433 130 3499 est,
144 3428 227 3504 apud
239 3444 319 3504 quos
331 3426 499 3504 Lycurgi
517 3425 666 3503 legibus
678 3425 776 3487 maior
788 3425 923 3487 omnium
934 3441 1037 3486 rerum

16 3495 99 3568 bonos
111 3512 204 3572 aetati
218 3513 325 3575 maiori
335 3512 514 3572 habebatur.
