2490 3926
526 211 549 270 1.
563 223 610 268 111.
1042 209 1085 272 39

66 375 166 455 pertidia
177 383 208 438 et
219 377 313 454 culpe
324 392 387 438 non
399 375 579 452 abhorreat,
600 376 630 438 in
649 379 759 438 eadem
776 395 809 440 re
823 381 997 458 eodemque
1009 387 1083 441 tem·

63 479 114 540 pore
130 462 224 539 inque
241 461 398 522 communi
417 460 556 536 negotio,
579 463 664 538 quod
682 461 754 523 mihi
773 463 921 541 optimum
934 467 1016 526 iactu
1029 465 1082 526 du·

61 548 148 621 roim,
168 546 330 607 diuersum
342 546 410 608 eius
422 545 489 607 eliis
502 545 666 608 suasisse’.

98 677 135 736 Et
150 673 318 734 hieautem
337 671 465 747 Chilo,
483 673 679 750 praestabilis
691 675 785 736 homo
799 674 983 752 sapientiae,
1005 681 1104 753 quo-8

59 776 219 835 nemusque
238 757 382 819 debuerit
400 766 509 819 contra
526 761 627 834 legem
647 767 818 836 contraque
836 759 884 822 ius
903 778 961 838 pro
981 761 1080 822 amico

56 844 198 922 progredi,
219 841 371 904 dubitauit
391 860 490 920 eaque
507 861 559 905 res
577 843 608 904 in
619 844 682 905 fine
694 861 820 922 quoque
831 845 913 907 uitcte
930 845 1000 922 ipso
1019 845 1081 906 ani-

55 947 116 990 num
128 929 194 991 eius
207 927 308 1002 anxit,
330 927 421 990 etalii
440 927 588 1004 deinceps
609 929 696 990 multi
712 929 929 1007 philosophiae
946 933 1102 993 sectato-9

37 1009 99 1086 'res‚
118 1022 152 1075 ut
169 1013 201 1074 in
214 1012 301 1074 libris
314 1029 421 1074 eorum
433 1013 582 1090 scriptum
600 1020 662 1087 est,
685 1013 760 1076 satis
778 1014 923 1091 inquisite
941 1015 1080 1092 satisque

53 1100 163 1160 sollicite
184 1095 422 1175 quaesiuerunt,
444 1104 479 1159 ut
503 1097 623 1170 uerbis,
648 1114 729 1175 quae
753 1100 869 1177 scripta
893 1108 980 1174 sunt,
1002 1100 1079 1178 ipsis

52 1191 115 1258 utar,
140 1182 178 1245 εἰ
205 1181 272 1244 δεῖ
297 1182 478 1262 βοηθεῖν
501 1181 553 1267 τῷ
575 1182 681 1267 φίλῳ
707 1177 817 1264 παρὰ
844 1175 1080 1246 τὸδίκαιον

51 1264 102 1329 col
120 1263 243 1348 μέχρι
261 1260 394 1328 πόσου
410 1261 477 1328 καὶ
495 1273 602 1328 ποῖα.
625 1269 671 1328 Ea
681 1269 778 1329 uerba
789 1267 973 1346 significant,
986 1286 1079 1346 quae·

50 1353 113 1415 sisse
131 1370 205 1428 eoS,
230 1369 269 1413 an
286 1368 519 1429 nonnumquam
539 1351 715 1414 contraius
734 1361 884 1415 contraue
899 1371 1018 1416 morem
1037 1356 1051 1414 i
1069 1389 1079 1400 ·

49 1438 174 1500 ciendum
184 1455 242 1514 pro
255 1436 354 1498 amico
367 1437 407 1498 sit
418 1445 448 1500 et
463 1436 494 1498 in
511 1436 652 1512 qualibus
673 1437 776 1500 causis
796 1445 828 1499 et
845 1455 1009 1515 quemnam
1029 1455 1079 1499 us-

48 1541 92 1598 que
104 1523 143 1583 ad
155 1523 293 1584 modum.

94 1649 198 1726 Super
214 1650 273 1708 hac
290 1647 473 1724 quaestione
491 1665 561 1710 cum
579 1649 617 1710 ab
640 1648 723 1723 aliie,
749 1649 839 1712 sicuti
862 1650 939 1724 dixi,
963 1650 1120 1724 multis,10

45 1737 155 1796 tumuel
167 1732 401 1809 diligentissime
418 1750 437 1792 a
453 1734 724 1810 Theophrasto
744 1733 934 1811 disputatur,
957 1735 1025 1797 uiro
1045 1735 1076 1796 in

44 1818 228 1896 philosophia
238 1816 440 1895 peripatetica
451 1817 684 1881 modestissimo
698 1818 961 1897 doctissimoque,
975 1836 1076 1896 eaque

44 1903 197 1980 disputatio
212 1902 329 1979 scripta
341 1908 404 1976 est,
419 1902 541 1964 sirecte
552 1902 762 1976 meminimus,
780 1904 815 1964 in
830 1903 932 1965 libro
946 1903 1012 1966 eius
1030 1905 1076 1964 de

42 1988 200 2049 amicitia
219 1987 353 2065 primo.
388 1988 466 2050 Eum
482 1986 593 2048 librum
611 1989 651 2049 hl.
667 1988 802 2049 Cicero
815 1987 939 2049 uidetur
949 1988 1075 2064 legisse,
1085 1996 1115 2049 ll

42 2074 183 2150 cumipse
201 2089 329 2150 quoque
345 2071 456 2134 librum
478 2071 523 2132 de
541 2072 712 2133 amicitia
729 2079 942 2150 componeret.
977 2073 1016 2134 Et
1027 2089 1075 2133 ce-

42 2157 246 2236 teraquidem,
272 2173 351 2234 quae
372 2157 559 2218 sumendae
580 2157 853 2234 Theophrasto
878 2155 1074 2230 existimauit,

41 2251 64 2302 ut
81 2243 239 2320 ingenium
262 2241 469 2318 facundiaque
492 2241 559 2302 eius
574 2241 653 2315 ¹luit,
676 2242 809 2319 sumpsit
829 2249 860 2303 et
880 2243 1076 2320 transposuit

40 2327 282 2390 commodissime
307 2326 549 2404 aptissimeque;
572 2327 655 2388 hunc
678 2334 780 2389 autem
805 2330 923 2402 locum,
947 2328 986 2389 de
1012 2335 1116 2404 quola
1214 2383 1215 2390 ,

39 2414 100 2474 satis
112 2412 296 2489 quaesitum
313 2427 386 2474 esse
403 2411 481 2485 dixi,
508 2411 643 2472 omnium
665 2429 768 2473 rerum
790 2413 918 2474 aliarum
936 2411 1074 2473 dithcilh-

38 2513 108 2559 num
119 2493 251 2559 strictim
263 2503 357 2574 atque
369 2495 483 2558 cursim
494 2502 712 2572 transgressus
725 2504 788 2572 est,
807 2514 909 2575 neque
922 2513 974 2571 ea,
993 2513 1074 2574 quae

38 2583 336 2658 alheophrasto
354 2581 547 2658 pensiculate
566 2588 659 2657 atque
678 2583 839 2643 enucleate
857 2581 974 2659 scripta
991 2588 1072 2654 sunt,

37 2673 177 2728 executus
195 2673 258 2740 est,
277 2666 335 2728 sed
352 2665 507 2726 anxietate
524 2665 576 2726 illa
594 2672 626 2726 et
637 2666 726 2742 quasi
737 2667 918 2728 morositate
937 2666 1073 2743 disputa-

37 2750 117 2812 tionis
138 2751 375 2828 praetermissa,
398 2767 498 2826 genus
516 2750 619 2826 ipsum
636 2750 681 2810 rei
703 2757 822 2812 tantum
840 2751 949 2828 paucis
967 2749 1071 2810 uerbis
1208 2759 1210 2845 s

38 2835 154 2897 notauit.
192 2834 574 2908 EauerbaCiceronis‚
593 2836 619 2896 si
631 2852 798 2898 recensere
812 2835 880 2912 quis
892 2835 1001 2907 uellet,
1020 2851 1072 2911 ap·
1080 2845 1113 2900 13
1207 2867 1208 2917 q

38 2919 132 2993 posui:
157 2920 237 2982 ‘His
260 2919 380 2996 igitur
403 2918 549 2980 linibus
573 2920 757 2981 utendum
774 2937 864 2982 esse
882 2919 1071 2992 arbitror,

38 3011 81 3076 ut,
104 3021 185 3066 cum
210 3004 403 3065 emendati
425 3021 551 3065 mores
573 3004 779 3066 amicorum
797 3011 901 3080 sunt,
924 3012 999 3066 tum
1021 3003 1073 3066 sit

36 3085 213 3151 intereos
237 3089 400 3151 omnium
425 3105 565 3163 rerum,
596 3089 867 3165 consiliorum,
895 3091 1071 3152 uolunta-

38 3177 116 3248 tum,
138 3174 222 3236 sine
243 3175 323 3235 ulla
339 3173 573 3250 exceptione
592 3174 858 3248 communitas,
885 3185 925 3237 ut
942 3173 1070 3244 etiam,

37 3255 63 3314 si
87 3274 158 3333 qua
188 3260 345 3320 iortuna
371 3258 573 3330 acciderit,
607 3266 646 3319 ut
678 3259 800 3321 minus
839 3259 966 3321 iustae
1003 3273 1068 3318 uo-

39 3338 195 3405 luntates
222 3343 430 3406 amicorum
465 3340 707 3404 adiuuandae
735 3344 826 3418 sint,
866 3344 901 3404 in
930 3341 1068 3418 quibus

38 3437 156 3487 eorum
194 3435 257 3490 aut
295 3434 409 3504 caput
452 3433 588 3502 agatur
627 3435 690 3488 aut
729 3431 841 3501 lama,
875 3425 1068 3487 declinan-

41 3503 112 3570 dum
137 3511 257 3573 deuia
284 3512 348 3586 sit,
383 3512 494 3573 modo
527 3529 571 3572 ne
599 3529 740 3574 summa
771 3512 975 3588 turpitudo
1010 3527 1067 3572 se-
