2490 3926
509 244 532 304 1.
561 259 595 303 ιι.
1025 239 1066 304 at

55 412 245 486 queetualtus
258 409 455 472 serenitatem
467 409 557 472 stoici
575 411 708 473 hominis
728 427 874 486 umquam
891 411 953 471 ulla
969 427 1068 488 posse

55 494 218 571 aegritudine
231 494 411 556 obnubilari.

101 580 156 640 ilas
176 579 254 640 ille'
247 595 355 640 manes
373 578 488 654 glorias
507 596 577 641 curn
595 579 710 641 flaret
701 595 825 655 iamque
847 594 955 640 omnes
974 577 1094 639 linemd

55 671 178 739 cuperent
207 662 376 739 uerbisque
409 662 476 725 cius
510 665 593 726 delet
580 664 668 760 ligati
702 662 969 740 pertacduissent,
1003 669 1068 722 turn

53 748 205 809 Herodes
219 749 353 821 Graeca,
376 748 421 807 uti
431 748 582 824 plurimus
595 749 623 810 ei
635 765 703 808 mos
717 747 787 820 luit,
807 747 948 808 oratione
959 752 1066 806 utens:

53 829 214 907 ‘permitte',
248 831 365 907 inquit,
394 831 671 911 ‘philosophorum
695 831 898 910 amplissime,
923 829 1068 906 quoniam

52 916 217 991 respondere
228 933 288 978 nos
302 914 452 992 tibi‚quos
464 933 561 978 uocas
575 917 723 990 ‘idiotas',
733 933 795 978 non
805 915 938 992 quimus,
947 913 1069 975 recitari

52 1017 80 1058 ex
89 999 164 1074 libro,
177 999 250 1076 qaid
263 1001 302 1060 de
314 999 529 1062 huiuscemodi
541 999 804 1077 magniloquentia
815 1005 922 1061 uestra
933 998 1069 1060 senserit

52 1083 197 1160 dixeritque
208 1086 233 1146 E
241 1083 435 1162 pictetuS,
459 1083 634 1147 Stoicorum
648 1084 819 1146 maximus'
831 1083 984 1159 iussitque
995 1100 1067 1160 pro-

52 1168 105 1226 leni
124 1167 441 1230 dissertationum
463 1169 635 1246 Epicteti
664 1168 906 1245 digestarum
930 1167 974 1227 ab
998 1171 1067 1229 Ar-

52 1251 137 1314 riano
156 1254 312 1328 primum
335 1251 487 1326 librum,
507 1255 538 1314 in
553 1271 614 1329 quo
631 1253 891 1314 illeucnerandus
911 1268 1008 1313 senex
1024 1251 1067 1311 iu-

51 1353 139 1409 uenes,
156 1338 206 1412 qui
218 1354 254 1399 sc
266 1335 417 1397 ‘Stoicos’
431 1338 641 1414 appellabant,
655 1354 758 1413 neque
770 1336 866 1414 frugis
879 1353 981 1412 neque
995 1353 1068 1414 ope·

52 1435 90 1478 rae
102 1421 223 1496 probae,
244 1421 303 1482 sed
322 1421 520 1483 theorematis
540 1428 656 1483 tantum
674 1422 837 1498 nugalibus
856 1427 887 1480 et
902 1419 1067 1497 puerilium

52 1503 220 1596 isagogarum
244 1505 555 1568 commentationibus
578 1506 821 1580 deblaterantes,
853 1504 1067 1580 obiurgatione

52 1595 113 1648 rasta
127 1587 296 1651 incessiuit.

53 1673 181 1827 (Παιιοιι
190 1673 285 1750 igitur
296 1681 369 1734 sunt
381 1690 419 1735 ex
431 1674 524 1748 libro,
544 1673 596 1751 qui
608 1675 748 1751 prolatus
761 1681 824 1748 est,
844 1689 880 1733 ea
893 1689 973 1749 quoe
985 1669 1068 1731 addi·
1081 1663 1097 1717 ⁷

75 1758 268 1834 (tionibus
286 1757 390 1818 uerbis
408 1759 616 1836 Epictetus
638 1775 750 1819 seuere
767 1758 858 1818 simul
877 1766 907 1818 et
919 1755 1069 1817 lestiuiter

53 1756 159 1902 ieiunxit
175 1849 272 1918 atque
284 1841 389 1903 diuisit
401 1860 419 1902 a
430 1860 506 1904 uero
519 1852 612 1943 atque
625 1842 746 1904 sincero
761 1841 884 1914 Stoice,
911 1839 963 1914 qui
982 1847 1069 1900 esset

54 1928 156 1996 procul
163 1927 258 1988 dubio
281 1917 514 2025 ἀκώλυτος,
543 1917 881 2028 debueramus,
909 1915 1069 2002 ἀναρα-

55 2001 238 2091 attactos,
273 2006 520 2092 ἐλεύθερος,
551 2002 752 2108 εὐπορεῖν,
783 2000 1067 2088 εὐδαιμονῶν,

54 2093 138 2168 uulgus
149 2095 231 2156 ahud
244 2095 434 2157 nebulonum
445 2096 620 2170 hommum
645 2113 696 2172 qni
708 2112 743 2156 se
765 2093 932 2155 ‘Stoicos’
952 2107 1068 2154 nuncu

55 2186 136 2246 parent
145 2185 274 2257 atraque
285 2180 453 2242 uerborum
465 2188 497 2241 et
507 2181 695 2256 argutiarum
708 2179 833 2255 iuligine
845 2179 884 2240 ob
895 2179 1004 2239 oculos
1016 2195 1068 2238 au-

56 2257 194 2324 dentium
187 2271 271 2325 iacta
282 2265 496 2326 sanctissimae
509 2265 688 2343 disciplinae
700 2280 812 2326 nomen
830 2261 1066 2324 ementirentur:

97 2343 274 2445 Είττέμοι
303 2344 397 2427 περὶ
419 2341 591 2448 ἀγαθοῖν
613 2345 680 2411 καί
702 2347 851 2409 κακῶν
886 2339 1045 2408 ’Ἀκονε
1079 2355 1097 2410 8

77 2416 237 2494 Ἰλιόθεν
259 2451 305 2512 με
332 2425 513 2514 φέροιν”
492 2453 636 2512 ανεμος
653 2427 886 2496 Κικόνεσσι
915 2427 1068 2492 ττέλασ-

773 2529 853 2576 σεν.

59 2590 165 2656 last
146 2619 276 2663 οντων
303 2594 350 2662 τὰ
378 2599 451 2704 μέν
479 2597 592 2662 έστιν
623 2591 791 2702 ἀγαθά,
798 2591 844 2662 τοὶ
877 2593 921 2662 δὲ
947 2590 1100 2670 κακά,9

57 2671 372 2786 τάδέᾶδιάφορα.
403 2677 557 2784 Ἀγαθὰ
581 2680 653 2764 μὲν
673 2671 751 2746 οὖν
773 2674 925 2781 ἀρεταὶ
938 2679 1004 2743 καί
1021 2672 1068 2740 τὰ

59 2763 245 2846 μετέχοντα
274 2761 425 2831 αὐτῶν·
457 2760 562 2831 κακὰ
584 2763 627 2830 δὲ
650 2767 771 2830 κακία
792 2763 862 2830 καὶ
883 2785 929 2827 τα
916 2757 1068 2866 μετέ-

59 2861 153 2920 ίῡντα
174 2853 333 2928 κακίας·
358 2845 591 2952 ἀδιάφορα
590 2843 696 2915 δὲ
655 2873 700 2914 τα
721 2844 888 2953 μεταξὺ
896 2842 1067 2949 τούτων,

60 2931 217 3028 πλοῦτος,
240 2929 398 3040 ὑγίεια,
420 2931 514 3038 ζωη,
536 2930 736 3018 θάνατος,
758 2928 905 3016 ἡδονή,
929 2927 1066 3008 πόνος.

61 3008 127 3078 flii
106 3020 172 3081 δεν
205 3013 336 3098 οἶδας;
365 3014 602 3096 Ἑλλάνικος
630 3019 740 3100 λέγει
762 3018 1065 3118 έντοίςΑίγν-
1046 3029 1111 3081 -10
1215 3067 1216 3070 ,

61 3113 232 3180 ττιακοῖς.
280 3106 328 3168 Τί
343 3099 434 3208 γὰρ
438 3103 631 3212 διαφέρει
647 3105 771 3168 τοῦτο
789 3093 991 3205 elmete,
969 3094 1068 3202 ηὸτι

62 3181 236 3276 Διογένης
265 3186 311 3252 ἐν
345 3192 392 3274 τῇ
413 3181 586 3294 ἠθική
563 3213 597 3292 η
607 3179 891 3292 Χούσιττιιος”
869 3209 891 3268 η
913 3179 1069 3249 Κλεάν-

62 3263 97 3342 θη
83 3284 129 3344 ιιι
154 3255 431 3356 βεβασανικας
453 3263 529 3338 οὖν
549 3265 649 3338 αντδ
673 3271 739 3335 καὶ
761 3269 890 3354 δόγμα
910 3269 1069 3332 σαυτοῦ
1149 3327 1153 3332 .

63 3357 265 3444 πεποίησαι.
292 3355 923 3435 Δείκννεττῶςείοιδαςένττλοί
928 3375 954 3438 ῳ
976 3373 1063 3436 χει·
1043 3364 1107 3417 -11

64 3427 248 3524 glisceba-
280 3440 487 3545 μέμνησαι
519 3463 672 3544 ταντης
702 3443 773 3523 τῆς
802 3417 1065 3542 διαιρέσεως,

65 3530 137 3581 οταν
154 3523 315 3613 ψοφήση
332 3521 374 3591 τὰ
399 3528 533 3592 ίστίον
552 3525 619 3592 καί
639 3519 970 3607 ανακρανγασης.
998 3516 1067 3583 ”Aa
