2490 3926
506 233 528 292 1.
544 249 590 292 111.
1033 233 1074 298 41

91 395 239 470 ‘Parma',
261 394 376 471 inquit,
396 401 446 458 ‘et
460 400 562 462 tenuis
574 403 626 462 uel
637 401 797 478 turpitudo
810 402 860 462 uel
871 398 995 462 infamia
1006 403 1119 470 sub-sc

36 479 130 539 eundo
142 486 210 552 est,
230 479 259 540 si
278 495 316 540 ea
334 495 369 540 re
380 497 491 559 magna
509 484 624 546 nfflitas
636 485 735 548 amico
749 485 856 563 quaeri
867 493 983 562 potest.
1018 489 1077 549 Re-

34 563 173 640 penditur
185 562 303 640 quippe
321 571 353 625 et
373 575 594 643 compensatur
611 571 682 630 lene
700 570 846 631 damnum
859 569 1011 631 delibutae
1022 572 1077 635 ho·

34 647 157 709 nestatis
169 648 289 709 maiore
301 649 359 708 alia
370 651 576 730 grauiorcque
586 653 618 714 in
630 653 806 715 adiuuando
820 653 919 716 audeo
931 654 1076 716 honesta·

33 743 77 806 te,
99 731 290 808 minimaque
307 732 359 793 ilic
376 736 462 796 labes
482 744 513 796 et
532 737 622 814 quasi
639 739 750 800 lacuna
768 741 868 799 tantae
880 737 1076 802 munimentis

32 824 187 892 partarum
199 816 300 877 amico
310 817 482 880 utilitatium
494 821 655 884 solidatur.
686 823 794 899 Neque
806 821 983 885 nominibus
991 829 1012 896 ³,
1033 821 1119 890 inat

33 902 107 977 quit,
132 900 272 963 ‘moueri
286 918 345 963 nos
358 911 496 980 oportet,
517 907 603 982 quod
620 906 707 984 paria
720 923 835 982 genere
846 906 916 983 ipso
929 923 991 968 non
1004 915 1077 968 sunt

31 988 179 1048 honestas
199 1001 288 1046 meae
305 987 404 1047 famae
421 995 452 1049 et
468 989 514 1049 rei
532 990 621 1054 antici
637 990 761 1053 utilitas.
793 991 987 1053 Ponderibus
999 992 1077 1052 haec

32 1069 108 1130 enirn
121 1069 395 1146 potestatibusque
406 1074 642 1150 praesentibus,
660 1093 723 1137 non
734 1075 959 1137 uocabulorum
971 1078 1075 1152 appel-

32 1154 197 1216 lationibus
209 1169 313 1230 neque
324 1154 523 1230 dignitatibus
534 1175 685 1233 generum
697 1158 894 1221 diiudicanda
906 1166 987 1222 sunt.
999 1161 1118 1231 Nomen
1229 1253 1230 1256 Ἴ

33 1257 97 1300 oum
116 1239 148 1300 in
169 1239 265 1300 rebus
287 1239 414 1315 paribus
431 1249 484 1303 aut
501 1260 564 1305 non
581 1245 677 1320 longe
694 1260 787 1306 secus
800 1243 912 1306 utititas
925 1243 1014 1305 amici
1023 1252 1077 1306 aut

32 1325 180 1384 honestas
193 1329 303 1384 nostra
315 1323 471 1399 consistit,
491 1326 642 1389 honestas
653 1329 763 1404 procul
777 1327 870 1390 dubio
882 1330 1075 1404 praeponde-

31 1417 91 1482 rat;
114 1425 187 1469 oum
200 1425 277 1470 uero
292 1407 382 1468 amici
392 1409 505 1472 utilitas
517 1411 610 1473 nimio
623 1419 671 1473 est
681 1411 827 1490 amplior,
839 1411 1012 1475 honestatis
1023 1430 1075 1474 au-

32 1503 88 1553 tem
101 1499 235 1554 nostrae
249 1491 278 1552 in
290 1509 325 1553 re
336 1509 399 1554 non
412 1494 500 1570 graui
512 1495 588 1557 leuis
600 1496 719 1557 iactura
728 1503 791 1570 est,
803 1505 891 1571 tunc,
906 1498 991 1574 quod
1001 1497 1075 1560 utile

33 1578 127 1638 armico
148 1583 199 1638 est
210 1626 218 1651 ,
231 1576 264 1636 id
276 1593 350 1653 prae
361 1577 429 1651 illo,
443 1580 529 1656 quod
541 1580 707 1642 honesturn
718 1581 809 1642 nobis
822 1588 884 1655 est,
898 1581 932 1642 fit
942 1581 1074 1657 plenius,

33 1661 121 1723 sicuti
132 1667 183 1722 est
195 1677 339 1736 magnum
353 1662 479 1737 pondus
491 1664 572 1726 aeris
585 1665 871 1741 paruolamnaauri
882 1665 1073 1742 pretiosius’.

87 1746 199 1807 Verba
216 1745 297 1807 adeo
313 1744 383 1822 ipsa
399 1747 664 1824 Theophrasti
688 1767 784 1826 super
800 1766 838 1811 ca
853 1767 887 1810 re
907 1749 1073 1812 adscribsi:

32 1822 129 1911 Οῦκ,
162 1828 199 1890 εί
225 1822 273 1908 δή
303 1847 382 1891 που
408 1831 557 1906 ποῦ[πο]
585 1833 636 1918 τῷ
664 1829 776 1914 γένει
802 1826 1115 1916 πιμιοίπερον,λ6

32 1908 101 1995 ἤδη
124 1909 213 1995 καὶ,
242 1903 392 1976 ὁτιοῦν
415 1905 463 1976 ἂν
491 1903 513 1998 ᾖ
541 1913 666 1996 μέρος
692 1911 867 1998 ποῦπου,
897 1911 1002 1994 πρὸς
1029 1912 1071 1978 πὸ

31 1999 201 2079 πηλίκον
243 1993 432 2079 ῦαπίρου
480 1996 845 2082 συγκρινόμενον,
900 1994 1074 2082 αίρεπόν

31 2083 149 2146 ἔσται.
184 2079 300 2162 Λίνον
323 2073 366 2144 di
388 2071 497 2164 οἷον,
520 2075 568 2146 οῦ
589 2082 658 2147 καὶ
677 2084 853 2168 χρυσίον
874 2078 1074 2167 nipedes-

32 2189 99 2244 pov
119 2167 283 2248 χαλκοῦ
304 2163 372 2229 καί
391 2168 566 2248 πηλίκον
587 2170 662 2231 ποῦ
681 2168 879 2252 χρυσίον,
903 2164 1006 2251 ππρός
1027 2163 1070 2233 τῦ

31 2252 205 2333 πηλίκον
236 2252 394 2332 χαλκοῦ
433 2249 615 2333 μέγεθος
647 2247 1073 2337 ἀντιπαραβαλλόμε-

32 2357 118 2418 νον,
139 2332 271 2398 ππλέον
288 2331 420 2413 δόξαι
441 2327 724 2419 detinentem
744 2333 837 2401 πινά
854 2331 987 2423 tonia
1005 2335 1073 2402 καὶ

32 2413 67 2481 cti
90 2421 255 2501 πλῆθος
274 2415 343 2481 καὶ
364 2413 407 2482 πὸ
431 2417 624 2501 μέγεθος.

89 2505 310 2567 Fauorinus
329 2522 455 2582 quoquc
466 2507 676 2584 philosophus
687 2507 904 2570 huiuscemodi
915 2509 1116 2586 indulgen-qq

33 2589 97 2650 tiam
114 2589 235 2666 gratiae
254 2590 475 2666 tempestiuae,
497 2593 600 2655 laxato
618 2595 745 2670 paulurn
762 2592 958 2670 remissoque
970 2593 1074 2656 subtili

34 2671 162 2734 iustitiae
184 2674 344 2749 examine,
373 2675 420 2736 his
444 2676 550 2738 uerbis
574 2677 726 2738 definierit:
755 2668 800 2738 Ἡ
830 2675 1072 2758 καλουμένη

34 2752 144 2838 χάρις
167 2750 273 2840 παρὰ
296 2764 383 2832 τοῖς
404 2751 660 2842 ἀνθρώποις,
679 2759 897 2823 πουπέσπιν
924 2753 1073 2840 ὕφεσις

37 2834 245 2923 ἀκριβείας
267 2839 310 2903 ἐν
332 2840 482 2905 ῦίονπι.

88 2928 167 2989 Post
184 2927 298 2988 deinde
316 2926 399 2988 idem
415 2929 717 3006 Theophrastus
736 2930 776 2989 ad
793 2931 873 2992 hanc
892 2930 988 2992 fenne
1005 2943 1117 2997 sen-28

35 3012 153 3072 tentiam
164 3011 326 3074 disseruit:
352 3013 709 3090 ‘Hastmmen',inquit,
728 3013 1073 3093 ‘paruitatesrerunret

36 3097 254 3170 magnitudines
266 3104 361 3172 atque
373 3098 431 3158 has
444 3115 552 3161 omnes
572 3099 746 3160 officiorum
764 3099 995 3162 aestimationes
1013 3100 1072 3160 alia

35 3194 260 3258 nonnumquam
271 3189 428 3244 momenta
439 3183 633 3245 extrinsecus
645 3191 739 3260 atque
753 3183 830 3245 aliae
849 3184 938 3261 quasi
956 3200 1071 3261 appen-

36 3261 114 3327 dices
131 3281 337 3342 personarum
356 3273 387 3327 et
403 3283 565 3330 causarum
583 3275 615 3328 ct
630 3276 805 3343 temporum
823 3277 854 3329 et
872 3268 1069 3329 circumstan-

35 3345 88 3407 tiae
110 3349 210 3426 ipsius
231 3350 452 3426 necessitates,
477 3369 555 3428 quas
577 3352 737 3413 includere
759 3352 789 3413 in
808 3359 975 3429 praecepta
993 3350 1069 3413 diiii-

37 3429 133 3507 cilest,
149 3435 350 3496 moderantur
361 3442 393 3496 et
402 3445 514 3512 regunt
525 3445 556 3498 et
568 3437 656 3512 quasi
667 3435 840 3512 gubernant
852 3443 883 3497 ot
893 3453 975 3497 nuno
986 3441 1070 3497 ratas

37 3515 181 3595 efficiunt,
198 3535 280 3581 nuno
290 3520 397 3582 inritas
405 3526 426 3580 '.
