2456 3918
1197 133 1202 164 t

1200 251 1203 286 i

452 235 488 293 ll.
505 249 556 294 xx.
574 249 640 293 xxu.
1023 231 1066 296 93

53 417 112 461 non
137 415 189 472 ea,
221 417 317 476 quae
340 400 477 462 tritaui
503 400 632 462 nostri
661 399 863 473 dicebant,
900 399 963 462 ubi
992 401 1066 464 soli

54 486 186 560 lepores
207 484 297 558 sint,
324 486 393 546 sed
416 484 539 546 omnia
562 490 698 560 saepta
718 483 916 558 aedilicia,
944 485 1066 546 uillae

54 577 236 643 quaesunt
258 575 295 632 ct
316 569 461 630 habent
481 568 633 631 inclusa
655 568 849 642 animalia,
877 587 977 645 quae
1001 587 1065 646 pa-

52 657 198 715 scuntur.
241 655 272 714 ls
294 653 366 714 item
393 653 495 715 inira
522 655 655 715 eodem
676 653 713 715 in
742 654 845 714 libro
872 653 916 716 ita
942 653 1064 716 scribit:

53 739 119 797 Cum
137 735 260 799 emisti
281 739 436 799 fundum
458 739 717 800 Tusculanum
745 755 764 800 a
785 739 827 799 Μ.
848 738 1006 812 Pisone,
1028 738 1094 804 inb

52 821 222 896 leporario
245 822 330 899 apri
351 822 461 884 multi
484 824 603 884 luere.

100 905 249 967 ‘Vinaria'
268 914 386 980 autem,
404 922 486 984 quae
504 924 586 968 nunc
602 909 714 983 uulgus
734 907 822 978 dicit,
841 925 923 984 quos
941 913 1091 986 ‘napa-4

50 986 170 1064 δείσως’
182 990 292 1052 Graeci
303 993 468 1068 appellant,
478 997 573 1067 (quae
585 990 763 1068 ‘leporario’
777 994 877 1054 Varro
891 991 1067 1070 dicit),haul

51 1090 157 1149 usquam
171 1075 296 1137 memini
310 1077 394 1152 apud
404 1075 593 1138 uetustiores
611 1073 770 1152 seriptum.
805 1076 869 1138 Sed
881 1077 966 1152 quod
978 1077 1090 1153 apudb

49 1157 258 1235 Scipionem,
284 1160 421 1224 omnium
438 1161 547 1223 aetatis
560 1177 636 1222 suae
646 1159 812 1238 purissime
823 1163 975 1233 locutum,
991 1160 1065 1235 legi-

50 1258 101 1304 mus
115 1244 317 1319 ‘roboraria’‚
336 1246 454 1322 aliquot
468 1247 587 1307 Romae
605 1247 718 1307 doctos
735 1245 821 1308 uiros
838 1245 943 1307 dicere
960 1244 1065 1304 audiui

50 1325 72 1386 id
81 1327 250 1404 significare,
265 1331 352 1406 quod
366 1347 425 1392 nos
438 1329 592 1393 ‘uinaria'
606 1329 751 1405 uicimus,
763 1332 981 1408 appellataque
993 1345 1065 1390 esse

49 1413 167 1475 atabulis
177 1413 336 1488 roboreis,
350 1415 463 1490 quibus
475 1423 585 1492 saepta
596 1422 717 1488 essent3
730 1416 815 1492 quod
826 1431 926 1491 genus
941 1420 1064 1490 saepto-

50 1513 100 1556 rum
108 1497 232 1561 uidimus
245 1499 279 1559 in
292 1498 378 1560 ltalia
389 1499 465 1561 locis
479 1499 647 1577 plerisque.
690 1501 796 1561 Verba
818 1517 863 1560 ex
884 1498 1091 1562 oratione6

49 1579 111 1642 eius
133 1590 268 1646 contra
297 1583 492 1646 Claudium
517 1586 691 1647 Asellum
721 1583 854 1660 quinta
875 1585 954 1645 baec
976 1589 1062 1643 sunt:

49 1665 230 1744 Vbiagros
256 1667 400 1745 optima
428 1671 556 1731 cultos
581 1675 699 1746 atque
719 1669 833 1730 uillas
857 1666 1064 1745 expolitis-

50 1748 140 1814 simas
163 1752 348 1826 uidisset,
381 1753 418 1812 in
450 1752 507 1814 his
534 1753 759 1829 regionibus
789 1750 1063 1814 excelsissimo

49 1834 112 1898 loeo
128 1853 270 1900 murum
287 1844 461 1899 statuere
480 1837 721 1910 aiebat3inde
742 1837 939 1913 corrigere
955 1834 1063 1907 uiam,

48 1919 115 1982 aliis
134 1939 200 1999 per
219 1921 359 1984 uineas
376 1921 535 1996 medias,
555 1922 642 1984 aliis
660 1939 729 1999 per
750 1919 991 1985 roborarium
1009 1925 1063 1980 at-

49 2019 102 2077 que
120 2006 327 2082 piscinam,
356 2005 445 2069 aliis
467 2024 534 2084 per
555 2007 690 2069 uillam.

93 2091 183 2153 Lacus
199 2109 281 2153 uero
298 2098 352 2153 aut
364 2098 490 2168 stagna,
510 2097 614 2169 [quae]
632 2090 771 2170 piscibus
785 2088 866 2151 uiuis
879 2093 1090 2150 coercentur?

49 2172 139 2249 clausa,
151 2194 209 2238 suo
223 2184 321 2252 atque
332 2175 459 2254 proprio
478 2177 603 2239 nomine
621 2176 793 2254 ‘piscinas’
816 2174 1062 2236 nominauerunt.

94 2260 248 2337 ‘Apiaria'
271 2277 398 2338 quoque
415 2263 528 2338 uulgus
545 2260 619 2322 dicit
636 2263 720 2335 loca,
744 2259 775 2321 in
793 2259 905 2336 quibus
923 2257 973 2321 siti
989 2263 1089 2319 sante

49 2341 108 2402 aluei
120 2361 228 2422 apum;
247 2345 306 2407 sed
318 2345 472 2406 neminem
490 2348 600 2419 ferme,
619 2346 673 2422 qui
684 2346 862 2422 incorrupte
875 2343 970 2405 locuti
982 2349 1063 2415 sunt,

48 2433 86 2487 aut
95 2429 253 2508 scripsisse
265 2429 388 2490 memini
400 2437 453 2492 aut
464 2429 590 2492 dixisse.
609 2432 650 2491 M.
658 2428 889 2503 autemVarro
908 2428 944 2489 in
963 2426 1096 2488 libr09

48 2507 80 2569 de
97 2530 130 2573 re
152 2513 302 2577 rustica
322 2514 459 2577 tertio:
488 2515 764 2596 pertractione,
789 2511 904 2590 inquit,
936 2512 988 2573 ita
1012 2512 1064 2570 la-

49 2607 113 2656 cere
132 2605 301 2676 oportet,
325 2615 423 2675 quae
445 2599 596 2675 quidam
622 2597 834 2661 ‘mellaria’
857 2598 1063 2674 appellant.

49 2675 95 2739 Sed
119 2683 175 2745 hoc
186 2685 333 2757 uerbum,
356 2686 639 2759 qroarrousus
657 2691 719 2758 est,
743 2685 895 2746 Graecum
913 2687 974 2742 est:
994 2695 1065 2740 nam

49 2764 264 2842 ‘palaceolum’
276 2767 319 2828 ita
331 2767 485 2843 dicuntur,
505 2777 540 2830 ut
555 2759 750 2850 ἀμπελῶνες
767 2776 798 2830 et
813 2763 1000 2846 clamomores.

502 2937 583 2998 XXI.

51 3061 118 3137 Super
129 3087 161 3126 eo
174 3072 284 3142 sidere,
297 3073 373 3146 quod
385 3074 484 3132 Graeci
495 3063 620 3149 ἅμαξαν,
633 3091 684 3130 nos
695 3076 900 3147 septentriones
912 3089 1063 3142 uocamus;

210 3174 243 3213 ac
256 3157 292 3214 de
305 3159 449 3230 utriusque
461 3160 591 3216 uocabuli
603 3161 711 3216 ratione
724 3167 752 3214 et
764 3161 883 3233 origine.

96 3266 138 3326 Ab
152 3269 273 3345 Aegina
288 3269 319 3330 in
332 3269 472 3332 Piraeum
490 3270 694 3346 complusculi
711 3271 879 3333 earundem
891 3268 1091 3346 disciplina-1

51 3358 101 3406 mnu
121 3360 289 3416 sectatores
309 3354 418 3416 Graeci
433 3354 626 3430 Romanique
644 3354 785 3417 homiues
808 3355 917 3416 eadem
940 3354 971 3414 in
994 3352 1066 3415 naui

51 3431 320 3501 uansnittebarnus.
362 3441 432 3501 Nox
453 3439 508 3502 luit
526 3448 558 3501 et
574 3442 709 3501 clemens
727 3456 812 3500 mare
829 3445 860 3499 et
875 3439 947 3500 anni
963 3445 1095 3500 aestasn

53 3517 209 3598 caelumque
227 3522 343 3601 liquide
355 3541 509 3585 serenum.
532 3524 725 3585 Sedebamus
737 3539 811 3598 ergo
824 3522 854 3582 in
865 3523 964 3601 puppi
975 3521 1066 3584 simul
