2490 3926
371 217 482 274 INDEX
510 217 776 277 CAPITVLORVIVI.
1055 219 1095 284 27

138 379 220 437 Xllll.
253 385 335 453 Quod
357 387 486 442 Metellus
506 387 672 444 Numidicus
690 387 811 460 figuram
834 393 969 448 orationis
992 409 1095 448 nouam

65 468 278 524 exorationibus
294 470 411 526 Graecis
426 478 568 528 mutuatus
584 478 635 528 cst.

135 549 196 605 XV.
224 554 323 609 Passis
341 556 413 610 nelis
439 561 467 610 et
484 557 579 627 pessis
603 557 732 612 manibus
750 557 858 614 dixisse
878 565 989 616 ueteres
1006 577 1061 616 non
1079 578 1096 618 a

65 635 137 690 uerbo
156 653 223 705 suo,
245 638 322 709 quod
339 644 383 694 est
392 641 500 710 patior,
522 639 573 696 sed
588 643 622 696 ab
643 641 749 709 alieno,
773 643 849 714 quod
862 651 906 699 est
919 643 1023 713 pando.

133 720 206 776 XVI.
231 721 274 777 De
288 738 363 778 nouo
379 739 484 795 genere
505 725 630 780 interitus
645 722 837 782 Crotoniensis
849 727 973 784 Milonis.

132 805 218 860 XVII.
251 806 343 874 Quam
362 809 398 863 ob
417 825 535 864 causam
558 809 667 865 nobiles
686 811 766 881 pueri
785 809 1001 869 Atheniensium
1020 814 1094 870 tibiis

62 905 152 944 canere
166 889 320 958 desierint,
343 909 406 947 eum
417 893 538 964 patrium
550 895 634 948 istum
648 910 755 950 morem
772 896 891 951 canendi
906 897 1053 954 haberent.

131 973 229 1030 XVIII.
258 975 340 1044 Quod
360 993 457 1049 pugna
478 978 544 1034 belli
571 978 664 1033 ciuilis
682 979 857 1050 uictoriaque
878 980 928 1037 Gai
952 977 1094 1048 Caesaris,

61 1073 132 1128 quam
161 1060 231 1115 uicit
262 1062 292 1115 in
319 1059 474 1118 Pharsaliis
503 1062 627 1132 campis,
659 1064 786 1118 nuntiata
815 1065 1018 1137 praedictaque
1052 1071 1096 1122 est

59 1159 100 1212 per
127 1144 287 1216 cuiuspiam
320 1146 436 1216 remigis
469 1146 634 1201 uaticinium
665 1147 766 1202 eodem
792 1148 854 1219 ipso
880 1147 925 1204 die
957 1150 986 1204 in
1016 1149 1096 1205 ltalia

60 1227 155 1282 Pataui.
1043 1283 1046 1288 .

129 1313 243 1368 XVIIII.
268 1315 362 1371 Verba
374 1316 413 1370 M.
426 1315 563 1371 Varronis
579 1318 716 1372 memoria
734 1316 822 1388 digna
839 1333 874 1370 ex
893 1324 1002 1386 satura,
1022 1334 1095 1389 quae

60 1398 207 1453 inscribitur
222 1391 291 1473 περὶ
307 1387 480 1473 ἐδεσμάτων.

128 1481 189 1536 ΧΧ.
223 1483 328 1540 Notata
350 1484 491 1556 quaedam
515 1483 550 1538 de
576 1483 720 1555 Euripidis
750 1492 852 1555 poetae
878 1499 999 1556 genere,
1027 1487 1095 1553 uita,

58 1568 167 1622 moribus
181 1566 277 1638 deque
294 1568 422 1624 eiusdem
436 1568 491 1622 fine
503 1570 591 1624 uitae.

129 1665 205 1722 XXI.
229 1666 312 1734 Quod
325 1683 341 1722 a
355 1669 447 1740 poetis
457 1669 532 1723 Iouis
545 1667 594 1723 lilii
606 1668 818 1739 prudentissimi
830 1667 1094 1740 humanissimique,

59 1749 165 1820 Neptuni
191 1758 289 1807 autem
305 1753 474 1809 ferocissimi
496 1758 523 1806 et
542 1751 768 1808 inhumanissimi
788 1752 945 1809 traduntur.

127 1849 216 1906 ΧΧΙΙ.
242 1851 367 1907 Historia
384 1850 421 1905 de
437 1849 577 1920 Sertorio,
599 1847 715 1923 egregio
733 1851 821 1918 duee,
844 1850 937 1921 deque
954 1852 1094 1906 astucius

58 1937 308 2008 commenticiisque
332 1936 550 2004 simulamentis,
572 1937 671 2006 quibus
695 1934 731 1991 ad
752 1937 888 1991 barbaros
908 1935 1010 1990 milites
1030 1951 1093 1988 con·

58 2020 174 2076 licendos
188 2019 441 2092 conciliandosque
454 2021 506 2075 sibi
518 2022 656 2075 utebatur.

128 2117 231 2174 XXIII.
257 2118 299 2174 De
314 2119 450 2174 aetatibus
464 2116 663 2173 historicorum
675 2118 823 2184 nobilium,
840 2115 992 2184 Hellanici,
1009 2116 1094 2171 Horo·

59 2199 118 2272 doti,
139 2201 330 2274 Thucydidis.

128 2299 240 2356 XXlIll.
267 2299 341 2368 Quid
355 2299 503 2354 Vulcatius
521 2298 666 2372 Sedigitus
689 2303 717 2355 in
740 2300 825 2366 libro,
848 2315 929 2370 quem
955 2298 989 2354 de
1000 2302 1093 2371 poetis

59 2384 174 2455 scripsit,
197 2383 234 2439 de
247 2385 365 2440 comicis
377 2384 481 2438 Latinis
497 2383 639 2440 iudicarit.

128 2483 220 2538 XXV.
243 2482 284 2537 De
307 2483 401 2538 uerbis
419 2483 588 2553 quibusdam
605 2484 703 2550 nouis,
724 2499 796 2555 quae
818 2484 848 2538 iu
869 2483 937 2538 Gnei
954 2483 1021 2538 llllati
1044 2484 1094 2538 mi-

58 2568 176 2623 miambis
192 2565 415 2622 offenderamus.

129 2667 232 2723 XXVI.
261 2668 367 2736 Quibus
388 2669 481 2723 uerbis
497 2668 664 2723 Aristoteles
681 2667 867 2738 philosophus
881 2664 1020 2720 definierit
1037 2665 1094 2734 syl·

59 2749 215 2822 logismum3
246 2753 363 2822 eiusque
382 2750 553 2807 definitionis
577 2753 853 2822 interpretamentum
872 2749 967 2804 uerbis
988 2747 1093 2803 Latinis

59 2833 81 2888 la
155 2875 162 2890 .

82 2841 245 2974 ethXVll.
271 2919 347 2988 Quid
365 2921 421 2976 sint
442 2921 556 2975 comitia
574 2922 681 2987 calata,
707 2920 774 2990 quid
794 2918 917 2985 curiata,
938 2915 1005 2987 quid
1031 2931 1095 2971 cen-

60 3005 164 3074 turista,
186 3003 254 3076 quid
268 3006 384 3072 tributa,
405 3004 472 3076 quid
487 3004 637 3060 concilium
644 3019 652 3072 ;
675 3009 758 3075 atque
776 3003 844 3059 inibi
863 3000 1002 3073 quaedam
1022 3000 1095 3055 eius-

61 3085 202 3144 demmodi.

133 3171 257 3228 XXVIII.
283 3172 365 3240 Quod
387 3173 491 3228 errauit
514 3171 659 3228 Cornelius
678 3173 789 3245 Nepos,
815 3188 879 3226 cum
900 3171 1026 3235 scribsit,
1052 3166 1094 3222 Ci-

63 3271 182 3312 ceronem
198 3265 256 3313 tres
280 3264 307 3312 et
328 3251 427 3329 uiginti
450 3273 537 3312 annos
560 3263 656 3312 iratum
678 3272 795 3312 causam
816 3271 867 3326 pro
886 3254 971 3312 Sexto
989 3251 1093 3307 Roscio

65 3335 168 3397 dixisse.

137 3425 267 3483 XXVIIII.
293 3426 375 3494 Quali
391 3426 483 3498 ligura
498 3425 633 3480 orationis
652 3432 680 3480 et
697 3440 782 3495 quam
797 3439 872 3478 nouo
888 3423 918 3476 L.
931 3423 996 3476 Piso
1010 3437 1094 3477 antra·

66 3504 125 3561 lium
136 3511 249 3582 scriptor
261 3527 331 3566 usus
345 3513 389 3566 sit.
