2490 3926
332 217 443 273 INDEX
473 216 741 275 CAPITVLORVM.
1020 215 1060 280 19

37 383 164 522 {utquam
183 384 283 440 nobilis
297 385 501 455 adulescentis,
522 394 550 442 ct
559 386 649 443 hostis
662 387 732 443 Galli
744 390 924 459 prouocantls
935 405 1060 462 pugnam

51 474 179 608 emeIIIII.
198 553 282 621 Quod
294 552 368 610 idem
376 554 580 627 Quadrigarius
592 556 675 612 huius
689 557 776 612 lacics
787 557 879 628 patrio
892 573 961 612 casu
972 560 1060 629 probe

34 643 54 690 el
65 639 149 693 Latine
167 636 254 707 dixit;
275 645 302 694 ct
319 640 459 711 quaedam
476 641 531 696 alia
549 641 681 713 adposita
699 640 734 696 de
759 641 891 697 similium
910 642 1061 698 uocabulo·

35 737 81 776 rum
91 722 331 779 declinationibus.

34 891 89 946 latur
97 806 155 861 XV.
183 807 225 864 De
237 823 344 881 genere
361 810 586 878 controuersiae,
609 809 685 882 quod
703 809 809 866 Graece
828 798 944 886 ἄπορον
966 809 1061 882 appel·

91 931 166 1032 'xvh
201 977 287 1046 Quod
308 978 426 1034 Plinium
448 978 625 1046 Secundum,
660 995 716 1034 non
743 977 885 1034 hominem
907 978 1059 1046 indoctum,

35 1059 114 1194 quurit
134 1061 305 1133 latueritque
327 1064 425 1119 uitium
447 1065 621 1135 argumenti,
645 1063 721 1136 quod
742 1047 936 1140 ἆντιστρὲφον
960 1063 1059 1120 Graeci

35 1144 116 1200 ‹icunt

289 1282 485 1343 CAPITVLA
514 1281 618 1343 LIBRI
646 1284 792 1344 DECIMI.

97 1398 116 1451 l.
135 1397 300 1454 Tertiumne
312 1399 411 1454 consul
424 1416 460 1455 an
471 1399 550 1453 terlio
563 1397 618 1454 dici
630 1405 773 1470 oporteat;
799 1405 826 1454 et
844 1415 964 1470 quonam
976 1402 1060 1457 modo

36 1479 70 1534 ln.
79 1483 240 1554 Pompeius,
264 1484 373 1538 cumin
392 1482 516 1551 theatro,
541 1483 695 1554 quoderat
715 1483 912 1551 dedicaturus,
936 1483 1060 1542 honores

36 1582 84 1620 suos
95 1568 240 1634 scriberet,
262 1568 456 1638 quaestionem
475 1569 624 1638 ancipitem
643 1569 724 1624 istius
742 1567 820 1622 uerbi
838 1567 873 1622 de
886 1569 1003 1623 consilio
1018 1567 1060 1625 oi-

35 1652 119 1707 reronis
130 1651 276 1709 uitauerit.

96 1736 125 1789 ll.
153 1735 230 1804 Quid
251 1736 420 1792 Aristoteles
445 1737 481 1791 de
504 1752 619 1790 numero
642 1736 783 1808 puerperii
808 1735 961 1791 memoriae
983 1753 1060 1791 man·

36 1815 128 1875 daueril.

96 1905 135 1959 III.
162 1906 306 1960 Locorum
329 1904 504 1976 quorundam
533 1905 689 1960 inlustrium
712 1903 833 1956 conlatio
862 1905 1059 1976 contentioque

36 1985 88 2042 lucta
98 2006 129 2043 cx
140 1991 318 2046 orationibus
332 1987 362 2045 C.
375 1987 494 2045 Gracchi
514 1995 541 2043 et
551 1989 589 2043 M.
603 1988 745 2044 Ciceronis
760 1991 787 2040 et
798 1987 836 2040 llll.
849 1984 973 2043 Catonis.

95 2073 146 2128 IIII.
169 2073 257 2142 Quod
268 2075 300 2128 P.
312 2072 442 2145 Nigidius
455 2073 633 2144 argutissime
646 2073 757 2138 docuit,
779 2069 892 2126 nomina
911 2086 966 2126 non
983 2073 1059 2142 posi-

37 2155 76 2208 liua
86 2175 159 2225 esse,
173 2159 230 2214 scd
241 2158 393 2214 naturalia.

96 2241 128 2295 V.
149 2242 270 2298 Auarus
282 2243 436 2312 simplexne
455 2242 623 2298 uocabulum
635 2241 679 2308 sit,
701 2257 737 2296 an
755 2241 941 2311 compositum
961 2245 988 2296 et
1009 2240 1059 2296 du·

37 2323 94 2390 plur,
106 2327 175 2381 sicut
185 2328 219 2381 P.
235 2325 350 2398 Nigidio
365 2325 484 2382 uidetur.

97 2409 141 2464 VI.
171 2411 293 2466 Multam
317 2409 420 2465 dictam
442 2427 506 2466 esse
530 2413 564 2466 ab
592 2409 730 2464 aedilibus
759 2409 852 2479 plebei
876 2410 950 2481 Appi
974 2407 1057 2466 Caeci

38 2487 102 2562 tiliae,
112 2495 223 2551 mulieri
237 2495 340 2562 nobili,
353 2493 429 2566 quod
440 2494 534 2550 locuta
546 2498 622 2550 esset
632 2493 813 2564 petulantius.

96 2577 152 2633 VII.
171 2579 348 2646 Hominum,
361 2593 433 2649 quae
444 2580 518 2634 ultra
530 2578 676 2648 imperium
685 2576 841 2632 Romanum
853 2576 955 2644 fluunt,
967 2577 1058 2647 prima

37 2662 203 2729 magnitudine
218 2679 285 2719 esse
298 2662 405 2729 Nilum,
427 2662 553 2718 secunda
571 2662 710 2730 Histrum,
734 2661 862 2732 proxima
879 2661 1057 2728 Rhodanum,

39 2741 96 2798 sicuti
106 2747 142 2801 Μ.
152 2748 315 2804 Varronem
326 2747 437 2802 memini
450 2747 583 2802 scribere.

97 2829 165 2886 VIII.
186 2832 263 2887 Inter
275 2830 444 2902 ignominias
456 2831 605 2898 militares,
618 2831 718 2902 qulbus
729 2831 831 2885 milites
845 2830 1057 2898 exercebantur,

39 2911 102 2968 luisse
119 2917 266 2988 sanguinis
285 2913 494 2982 dimissionem;
519 2920 547 2970 ct
567 2931 705 2985 quaenam
729 2931 792 2969 essc
818 2913 948 2969 uideatur
970 2930 1058 2970 causa

40 2989 209 3055 huiuscemodi
220 2997 425 3072 castigationis.

99 3081 179 3144 VIIII.
205 3084 312 3152 Quibus
329 3078 421 3138 modis
433 3099 543 3156 quoque
553 3083 651 3139 habitu
663 3083 739 3137 acies
752 3082 880 3138 Romana
892 3084 990 3138 instrui
1013 3099 1058 3137 so-

43 3159 74 3214 ila
83 3165 126 3233 sil;
145 3183 273 3240 quaeque
286 3183 383 3224 earum
394 3168 606 3224 instructionum
619 3170 673 3223 sint
684 3168 834 3222 uocabula.

101 3249 133 3303 x.
154 3251 233 3320 Quae
255 3253 316 3308 eius
339 3252 381 3307 rei
398 3267 487 3309 causa
505 3253 555 3320 sit,
577 3251 654 3324 quod
673 3256 701 3306 et
719 3249 819 3306 Graeci
835 3258 946 3307 ueteres
967 3249 1058 3304 etRo·

41 3333 96 3394 nani
106 3336 214 3391 anulum
224 3335 277 3391 hoc
289 3335 378 3408 digito
392 3337 580 3409 gestauerInt,
601 3337 648 3408 qui
668 3334 755 3390 estin
774 3351 860 3390 manu
878 3336 991 3390 sinistra
1008 3334 1058 3388 mi·

42 3411 97 3469 tino
106 3420 255 3487 proximus.
360 3421 363 3426 '

104 3499 147 3556 XI.
167 3503 290 3562 Verbum
302 3512 409 3562 mature
426 3503 493 3575 quid
506 3504 645 3576 significet
662 3519 789 3575 quaeque
810 3503 890 3557 uocis
910 3503 971 3557 eius
987 3503 1057 3556 ratio

864 3579 907 3640 2*
