2456 3918
172 187 216 251 64
586 190 791 252 l.xv1111.xx.

174 361 214 421 ad
230 358 427 434 Tarquinium
445 357 619 434 Superbum
636 375 743 434 regem
758 357 840 432 adiit,
858 372 971 420 nouem
987 355 1081 420 libros
1099 358 1198 430 terens,

177 461 257 520 quos
276 460 348 504 esse
361 443 483 504 dicebat
495 443 600 506 diuina
618 445 760 516 oracula;
773 460 830 506 eos
843 443 923 504 uelle
936 440 1012 502 dixit
1022 441 1197 502 uenundare.

144 527 358 603 3Tarquinius
377 528 509 605 pretium
525 536 727 606 percontatus
745 536 802 590 est.
846 526 956 590 Mulier
978 526 1102 588 nimium
1122 533 1199 600 atque

146 614 349 677 linmensum
359 614 522 691 poposcit3
546 632 617 687 rex,
641 613 731 690 quasi
743 630 821 676 anus
835 618 935 674 aetate
952 611 1120 689 desiperet,
1138 611 1199 669 deri-

146 699 224 762 5sit.
269 700 346 758 Tum
363 698 414 758 illa
430 699 567 760 loculum
583 716 688 760 coram
705 716 774 760 cum
790 697 852 774 igni
868 696 1010 773 apponit,
1039 695 1093 756 tris
1119 695 1198 755 libros

174 801 214 846 ex
228 800 342 844 nouem
351 781 452 843 deurit
463 789 502 857 et,
517 783 629 860 ecquid
644 783 780 858 reliquos
794 799 850 844 sex
868 782 979 842 eodem
993 781 1093 858 pretio
1113 797 1199 840 emere

145 870 284 940 duellet,
312 883 418 943 regem
433 866 645 944 interrogauit.
691 867 756 928 Sed
773 866 852 928 enim
871 866 1054 942 Tarquinius
1069 865 1103 926 id
1120 865 1198 926 multa

147 952 242 1015 ‘trisit
258 951 355 1027 magis
372 952 525 1028 dixitque,
544 969 636 1014 anum
651 951 711 1012 iam
727 954 838 1029 procul
856 949 948 1013 dubio
966 950 1108 1012 delirare.
1150 951 1201 1008 lliu-

175 1037 231 1096 lier
251 1035 364 1098 ibidem
388 1036 490 1098 statim
512 1038 568 1100 tris
593 1038 671 1098 alios
695 1037 790 1098 libros
814 1035 934 1098 exussit
949 1042 1041 1111 atque
1058 1033 1090 1095 id
1115 1034 1201 1111 ipsun

176 1123 278 1182 denuo
288 1121 409 1197 placide
421 1128 519 1197 rogat,
532 1130 567 1183 ut
582 1122 636 1183 tris
654 1123 790 1199 reliquos
810 1121 921 1182 eodem
937 1120 988 1181 illo
1005 1119 1106 1197 pretio
1125 1125 1200 1178 emat.

147 1205 361 1282 &Tarquinius
388 1223 443 1266 ore
464 1207 524 1267 iam
550 1207 632 1268 serio
658 1214 751 1284 atque
773 1205 935 1267 attentiore
953 1204 1054 1265 animo
1072 1205 1125 1277 tit,
1147 1219 1201 1262 ean

177 1291 381 1352 constantiam
399 1292 679 1368 confidentiamque
703 1309 765 1353 non
784 1291 912 1367 insuper
932 1289 1108 1350 habendam
1131 1287 1201 1347 intel-

175 1375 263 1449 legit,
294 1375 389 1438 libros
411 1376 466 1438 tris
495 1377 631 1452 reliquos
657 1383 811 1436 mercatur
836 1374 930 1436 nihilo
958 1374 1077 1435 minore
1105 1372 1201 1450 pretio,

147 1455 269 1536 oquam
287 1461 372 1535 quod
388 1468 454 1521 erat
470 1461 598 1537 petitum
613 1479 671 1538 pro
692 1461 844 1523 omnibus
883 1459 946 1521 Sed
966 1476 1035 1520 eam
1055 1458 1202 1519 mulierem

175 1552 248 1605 tunc
265 1546 458 1622 aTarquinio
477 1545 649 1622 digressam
661 1553 734 1623 post
735 1563 772 1606 ea
788 1560 941 1621 nusquam
957 1544 1017 1605 loci
1030 1544 1131 1606 uisam
1144 1558 1203 1601 eon·

134 1629 263 1699 rostitit.
307 1631 418 1692 Librit
406 1637 480 1704 t,res
492 1631 522 1691 in
540 1631 707 1692 sacrarium
725 1629 849 1702 conditi,
863 1629 1040 1707 ‘Sibyllini'
1060 1625 1212 1716 appellati:

135 1731 166 1784 11
179 1715 230 1774 Ad
246 1731 317 1788 eos,
337 1716 426 1793 quasi
442 1717 482 1776 ad
501 1718 675 1789 oraculum,
697 1713 929 1792 quindecimuiri
944 1714 1073 1786 adeunt,
1100 1705 1203 1773 cumdi

177 1799 365 1864 immortales
382 1801 504 1878 publice
522 1800 705 1862 consulendi
720 1808 801 1861 sunt.

661 1969 728 2032 XX

175 2089 249 2160 Quid
277 2090 443 2180 geometrae
466 2085 561 2141 dicant
587 2079 737 2155 ἐπίπεδον,
765 2086 831 2158 quid
858 2073 988 2160 caeparia,
1016 2086 1086 2158 quid
1114 2072 1211 2157 arripiam

233 2171 301 2244 quid
322 2158 475 2245 γραμμήν,
503 2171 659 2242 quibusque
687 2174 741 2228 ista
764 2173 857 2227 omnia
879 2171 984 2227 Latinis
1007 2169 1158 2227 vocabulis

602 2258 786 2328 appellentur

147 2400 162 2451 1
217 2381 413 2457 Figurarum,
427 2394 507 2455 quae
525 2372 708 2459 ‘agripeta’
727 2389 953 2458 geometrae
969 2381 1143 2458 appellant,
1166 2395 1206 2453 ge·

147 2482 251 2536 onera
272 2470 345 2525 sunt
364 2464 442 2537 duo,
468 2466 629 2541 ‘planum'
647 2473 677 2526 et
694 2465 874 2528 ‘solidum'.
919 2467 1005 2527 Haec
1026 2464 1087 2541 ipsi
1104 2461 1210 2524 uocaui

177 2547 362 2610 ’ἐπίπεδον
375 2544 429 2608 καὶ
441 2541 614 2628 ‘aerumna
638 2552 790 2611 ‘Planum'
803 2558 861 2625 est,
875 2550 962 2627 quod
976 2550 1006 2610 in
1024 2551 1105 2610 duas
1123 2547 1207 2624 partis

176 2637 277 2697 solum
295 2633 393 2694 lineas
411 2634 519 2707 habet,
544 2651 605 2709 qua
627 2636 720 2696 latum
744 2641 792 2697 est
814 2642 845 2696 et
869 2652 930 2711 qua
946 2636 1090 2709 longum:
1118 2631 1209 2708 qualia

176 2726 248 2781 sunt
262 2717 412 2794 triquetra
428 2726 459 2778 et
470 2718 629 2794 quadrata,
648 2719 769 2795 quaein
781 2720 951 2793 arentium,
965 2719 1032 2780 sine
1045 2715 1208 2778 altitudine.

146 2803 409 2865 3‘80ddmn’t
361 2809 409 2864 est
411 2802 560 2879 ‚quando
578 2821 640 2865 non
656 2803 863 2880 longitudines
880 2805 973 2864 modo
993 2809 1024 2863 et
1039 2801 1209 2882 latitudines

174 2891 283 2965 planas
299 2886 419 2950 numeri
437 2888 585 2949 linearum
602 2888 748 2963 efficiunt,
766 2890 871 2950 sedt
841 2906 857 2949 e
859 2889 930 2949 tiam
948 2895 1000 2950 ext
988 2889 1103 2948 tollunt
1121 2885 1200 2946 altitu
1152 2889 1209 3027 aar]

177 2972 282 3034 dines:
308 2975 415 3047 quales
438 2979 511 3034 sunt
533 2975 628 3034 terme
645 2991 693 3034 me
695 2980 744 3034 tae
760 2973 946 3050 triangulae,
965 2989 1043 3050 quas
1063 2977 1200 3062 pyrami

175 3059 244 3118 das'
262 3058 427 3132 appellant,
440 3059 491 3118 uel
508 3059 609 3133 qualia
625 3066 698 3119 sunt
716 3059 845 3134 quadrat
847 3075 865 3117 a
880 3058 1026 3158 undique,
1051 3073 1137 3153 quae
1153 3063 1208 3115 ‘aa-

146 3150 164 3204 4
176 3142 268 3223 povg'
280 3140 331 3214 illi,
344 3159 402 3203 nos
421 3141 662 3217 ‘quadrantalia'
675 3142 815 3203 dicimus
855 3133 1003 3222 Kridog'
1019 3142 1102 3202 enim
1122 3139 1208 3201 estl

174 3242 252 3302 gura
269 3242 308 3286 ex
331 3226 414 3286 omni
437 3228 478 3285 lat
466 3232 532 3286 tere
556 3227 720 3302 quadrata:
756 3228 892 3303 quales
920 3233 1027 3298 sunt,
1052 3225 1156 3302 inquit
1177 3223 1203 3282 lli

174 3313 318 3384 Varro,
340 3317 541 3383 tesser‚ae
566 3273 1144 3411 quibusinalueololuditur3
1170 3229 1208 3403 ei

146 3393 551 3494 aquorpsaequoque
569 3385 824 3493 appellatae
835 3385 979 3475 κύβοί.
1024 3389 1207 3455 innumeris

175 3477 266 3537 etiam
295 3477 396 3539 similit
383 3484 431 3538 ter
443 3467 577 3558 ‘addae'
592 3477 664 3540 dicit
652 3485 716 3554 t,ur
747 3496 816 3540 curn
844 3497 936 3541 omne
962 3481 1043 3541 latus
1074 3477 1207 3540 eiusden
