<?xml version="1.0" encoding="UTF-8"?>
<!DOCTYPE html PUBLIC "-//W3C//DTD XHTML 1.0 Transitional//EN"
    "http://www.w3.org/TR/xhtml1/DTD/xhtml1-transitional.dtd">
<html xmlns="http://www.w3.org/1999/xhtml" xml:lang="en" lang="en">
 <head>
  <title>
</title>
<meta http-equiv="Content-Type" content="text/html;charset=utf-8" />
  <meta name='ocr-system' content='tesseract 3.04.00' />
  <meta name='ocr-capabilities' content='ocr_page ocr_carea ocr_par ocr_line ocrx_word'/>
</head>
<body>
  <div class='ocr_page' id='page_1' title='image "agelliinoctivma03gellgoog_0111.png"; bbox 0 0 2456 3918; ppageno 0'>
   <div class='ocr_carea' id='block_1_1' title="bbox 155 181 770 246">
    <p class='ocr_par' dir='ltr' id='par_1_1' title="bbox 155 181 770 246">
     <span class='ocr_line' id='line_1_1' title="bbox 155 181 770 246; baseline -0.002 -1"><span class='ocrx_word' id='word_1_1' title='bbox 155 181 197 246; x_wconf 82' lang='grc'><strong>88</strong></span> <span class='ocrx_word' id='word_1_2' title='bbox 584 186 620 245; x_wconf 86' lang='lat' dir='ltr'><strong>ll.</strong></span> <span class='ocrx_word' id='word_1_3' title='bbox 643 203 695 245; x_wconf 91' lang='lat' dir='ltr'><strong>xv.</strong></span> <span class='ocrx_word' id='word_1_4' title='bbox 706 203 770 246; x_wconf 90' lang='lat' dir='ltr'><strong>xvr.</strong></span> 
     </span>
    </p>
   </div>
   <div class='ocr_carea' id='block_1_2' title="bbox 126 349 1206 1761">
    <p class='ocr_par' dir='ltr' id='par_1_2' title="bbox 127 349 1203 682">
     <span class='ocr_line' id='line_1_2' title="bbox 127 349 1203 428; baseline -0.005 -14"><span class='ocrx_word' id='word_1_5' title='bbox 127 361 145 414; x_wconf 79' lang='lat'>3</span> <span class='ocrx_word' id='word_1_6' title='bbox 218 349 281 412; x_wconf 85' lang='lat' dir='ltr'><strong>Sed</strong></span> <span class='ocrx_word' id='word_1_7' title='bbox 296 357 463 428; x_wconf 81' lang='lat' dir='ltr'><strong>postquam</strong></span> <span class='ocrx_word' id='word_1_8' title='bbox 481 352 608 413; x_wconf 82' lang='lat' dir='ltr'><strong>suboles</strong></span> <span class='ocrx_word' id='word_1_9' title='bbox 627 352 740 415; x_wconf 82' lang='lat' dir='ltr'><strong>ciuitati</strong></span> <span class='ocrx_word' id='word_1_10' title='bbox 756 351 934 416; x_wconf 82' lang='lat' dir='ltr'><strong>necessario</strong></span> <span class='ocrx_word' id='word_1_11' title='bbox 947 351 1018 414; x_wconf 90' lang='lat' dir='ltr'><strong>uisa</strong></span> <span class='ocrx_word' id='word_1_12' title='bbox 1034 358 1084 414; x_wconf 89' lang='lat' dir='ltr'><strong>est</strong></span> <span class='ocrx_word' id='word_1_13' title='bbox 1102 358 1136 413; x_wconf 90' lang='lat' dir='ltr'><strong>et</strong></span> <span class='ocrx_word' id='word_1_14' title='bbox 1160 353 1203 410; x_wconf 89' lang='lat' dir='ltr'><strong>ad</strong></span> 
     </span>
     <span class='ocr_line' id='line_1_3' title="bbox 156 435 1202 516; baseline -0.001 -20"><span class='ocrx_word' id='word_1_15' title='bbox 156 437 276 512; x_wconf 87' lang='lat' dir='ltr'><strong>prolem</strong></span> <span class='ocrx_word' id='word_1_16' title='bbox 297 435 406 512; x_wconf 91' lang='lat' dir='ltr'><strong>populi</strong></span> <span class='ocrx_word' id='word_1_17' title='bbox 418 435 672 511; x_wconf 81' lang='lat' dir='ltr'><strong>frequentandam</strong></span> <span class='ocrx_word' id='word_1_18' title='bbox 693 437 837 516; x_wconf 87' lang='lat' dir='ltr'><strong>praemiis</strong></span> <span class='ocrx_word' id='word_1_19' title='bbox 864 444 958 513; x_wconf 89' lang='lat' dir='ltr'><strong>atque</strong></span> <span class='ocrx_word' id='word_1_20' title='bbox 984 435 1202 498; x_wconf 88' lang='lat' dir='ltr'><strong>inuitamentis</strong></span> 
     </span>
     <span class='ocr_line' id='line_1_4' title="bbox 158 518 1202 596; baseline -0.002 -15"><span class='ocrx_word' id='word_1_21' title='bbox 158 537 235 581; x_wconf 88' lang='lat' dir='ltr'><strong>usus</strong></span> <span class='ocrx_word' id='word_1_22' title='bbox 247 519 317 593; x_wconf 87' lang='lat' dir='ltr'><strong>luit,</strong></span> <span class='ocrx_word' id='word_1_23' title='bbox 337 526 400 580; x_wconf 89' lang='lat' dir='ltr'><strong>tum</strong></span> <span class='ocrx_word' id='word_1_24' title='bbox 412 519 536 580; x_wconf 84' lang='lat' dir='ltr'><strong>antelati</strong></span> <span class='ocrx_word' id='word_1_25' title='bbox 549 520 733 596; x_wconf 89' lang='lat' dir='ltr'><strong>quibusdam</strong></span> <span class='ocrx_word' id='word_1_26' title='bbox 744 521 775 583; x_wconf 88' lang='lat' dir='ltr'><strong>in</strong></span> <span class='ocrx_word' id='word_1_27' title='bbox 787 521 897 594; x_wconf 87' lang='lat' dir='ltr'><strong>rebus,</strong></span> <span class='ocrx_word' id='word_1_28' title='bbox 919 521 972 596; x_wconf 88' lang='lat' dir='ltr'><strong>qui</strong></span> <span class='ocrx_word' id='word_1_29' title='bbox 981 537 1117 584; x_wconf 88' lang='lat' dir='ltr'><strong>uxorem</strong></span> <span class='ocrx_word' id='word_1_30' title='bbox 1133 518 1202 596; x_wconf 90' lang='lat' dir='ltr'><strong>qui-</strong></span> 
     </span>
     <span class='ocr_line' id='line_1_5' title="bbox 159 603 1202 682; baseline -0.003 -15"><span class='ocrx_word' id='word_1_31' title='bbox 159 621 219 682; x_wconf 87' lang='lat' dir='ltr'><strong>que</strong></span> <span class='ocrx_word' id='word_1_32' title='bbox 230 603 345 666; x_wconf 90' lang='lat' dir='ltr'><strong>liberos</strong></span> <span class='ocrx_word' id='word_1_33' title='bbox 363 604 553 677; x_wconf 86' lang='lat' dir='ltr'><strong>hab[er]ent,</strong></span> <span class='ocrx_word' id='word_1_34' title='bbox 575 605 750 668; x_wconf 86' lang='lat' dir='ltr'><strong>senioribus</strong></span> <span class='ocrx_word' id='word_1_35' title='bbox 761 622 864 682; x_wconf 89' lang='lat' dir='ltr'><strong>neque</strong></span> <span class='ocrx_word' id='word_1_36' title='bbox 877 606 992 667; x_wconf 90' lang='lat' dir='ltr'><strong>liberos</strong></span> <span class='ocrx_word' id='word_1_37' title='bbox 1003 621 1109 681; x_wconf 90' lang='lat' dir='ltr'><strong>neque</strong></span> <span class='ocrx_word' id='word_1_38' title='bbox 1120 621 1202 665; x_wconf 88' lang='lat' dir='ltr'><strong>uxo-</strong></span> 
     </span>
    </p>

    <p class='ocr_par' dir='ltr' id='par_1_3' title="bbox 128 687 1203 934">
     <span class='ocr_line' id='line_1_6' title="bbox 128 687 1203 766; baseline -0.006 -13"><span class='ocrx_word' id='word_1_39' title='bbox 128 700 207 753; x_wconf 76' lang='lat' dir='ltr'><strong>tres</strong></span> <span class='ocrx_word' id='word_1_40' title='bbox 223 687 417 750; x_wconf 88' lang='lat' dir='ltr'><strong>habentibus.</strong></span> <span class='ocrx_word' id='word_1_41' title='bbox 462 687 558 750; x_wconf 84' lang='lat' dir='ltr'><strong>Sicuti</strong></span> <span class='ocrx_word' id='word_1_42' title='bbox 575 689 713 766; x_wconf 85' lang='lat' dir='ltr'><strong>kapite</strong></span> <span class='ocrx_word' id='word_1_43' title='bbox 735 691 811 751; x_wconf 90' lang='lat' dir='ltr'><strong>Vll.</strong></span> <span class='ocrx_word' id='word_1_44' title='bbox 835 689 935 765; x_wconf 85' lang='lat' dir='ltr'><strong>legis</strong></span> <span class='ocrx_word' id='word_1_45' title='bbox 958 689 1083 750; x_wconf 88' lang='lat' dir='ltr'><strong>Iuliae</strong></span> <span class='ocrx_word' id='word_1_46' title='bbox 1100 687 1203 764; x_wconf 85' lang='lat' dir='ltr'><strong>priori</strong></span> 
     </span>
     <span class='ocr_line' id='line_1_7' title="bbox 157 771 1203 851; baseline -0.003 -17"><span class='ocrx_word' id='word_1_47' title='bbox 157 789 196 834; x_wconf 87' lang='lat' dir='ltr'><strong>ex</strong></span> <span class='ocrx_word' id='word_1_48' title='bbox 206 772 385 834; x_wconf 85' lang='lat' dir='ltr'><strong>consulibus</strong></span> <span class='ocrx_word' id='word_1_49' title='bbox 398 774 500 834; x_wconf 86' lang='lat' dir='ltr'><strong>lasees</strong></span> <span class='ocrx_word' id='word_1_50' title='bbox 512 774 654 834; x_wconf 89' lang='lat' dir='ltr'><strong>sumendi</strong></span> <span class='ocrx_word' id='word_1_51' title='bbox 664 781 804 850; x_wconf 89' lang='lat' dir='ltr'><strong>potestas</strong></span> <span class='ocrx_word' id='word_1_52' title='bbox 819 775 871 847; x_wconf 89' lang='lat' dir='ltr'><strong>lit,</strong></span> <span class='ocrx_word' id='word_1_53' title='bbox 894 790 956 834; x_wconf 89' lang='lat' dir='ltr'><strong>non</strong></span> <span class='ocrx_word' id='word_1_54' title='bbox 969 773 1022 849; x_wconf 87' lang='lat' dir='ltr'><strong>qui</strong></span> <span class='ocrx_word' id='word_1_55' title='bbox 1033 771 1136 851; x_wconf 86' lang='lat' dir='ltr'><strong>pluris</strong></span> <span class='ocrx_word' id='word_1_56' title='bbox 1151 789 1203 831; x_wconf 87' lang='lat' dir='ltr'><strong>an-</strong></span> 
     </span>
     <span class='ocr_line' id='line_1_8' title="bbox 155 856 1203 934; baseline -0.004 -16"><span class='ocrx_word' id='word_1_57' title='bbox 155 873 215 918; x_wconf 90' lang='lat' dir='ltr'><strong>nos</strong></span> <span class='ocrx_word' id='word_1_58' title='bbox 236 864 328 918; x_wconf 87' lang='lat' dir='ltr'><strong>natus</strong></span> <span class='ocrx_word' id='word_1_59' title='bbox 351 863 414 930; x_wconf 89' lang='lat' dir='ltr'><strong>est,</strong></span> <span class='ocrx_word' id='word_1_60' title='bbox 436 857 493 918; x_wconf 93' lang='lat' dir='ltr'><strong>sed</strong></span> <span class='ocrx_word' id='word_1_61' title='bbox 505 857 557 932; x_wconf 89' lang='lat' dir='ltr'><strong>qui</strong></span> <span class='ocrx_word' id='word_1_62' title='bbox 567 858 664 933; x_wconf 87' lang='lat' dir='ltr'><strong>pluris</strong></span> <span class='ocrx_word' id='word_1_63' title='bbox 674 859 807 932; x_wconf 90' lang='lat' dir='ltr'><strong>liberos,</strong></span> <span class='ocrx_word' id='word_1_64' title='bbox 831 875 923 934; x_wconf 86' lang='lat' dir='ltr'><strong>quam</strong></span> <span class='ocrx_word' id='word_1_65' title='bbox 935 859 1070 933; x_wconf 84' lang='lat' dir='ltr'><strong>collega,</strong></span> <span class='ocrx_word' id='word_1_66' title='bbox 1096 863 1156 918; x_wconf 91' lang='lat' dir='ltr'><strong>aut</strong></span> <span class='ocrx_word' id='word_1_67' title='bbox 1173 856 1203 915; x_wconf 92' lang='lat' dir='ltr'><strong>in</strong></span> 
     </span>
    </p>

    <p class='ocr_par' dir='ltr' id='par_1_4' title="bbox 127 940 1205 1103">
     <span class='ocr_line' id='line_1_9' title="bbox 127 940 1204 1019; baseline -0.003 -16"><span class='ocrx_word' id='word_1_68' title='bbox 127 953 214 1003; x_wconf 86' lang='lat' dir='ltr'><strong>5sua</strong></span> <span class='ocrx_word' id='word_1_69' title='bbox 226 946 381 1018; x_wconf 81' lang='lat' dir='ltr'><strong>potestate</strong></span> <span class='ocrx_word' id='word_1_70' title='bbox 398 940 491 1001; x_wconf 89' lang='lat' dir='ltr'><strong>babet</strong></span> <span class='ocrx_word' id='word_1_71' title='bbox 501 947 554 1002; x_wconf 87' lang='lat' dir='ltr'><strong>aut</strong></span> <span class='ocrx_word' id='word_1_72' title='bbox 567 941 649 1004; x_wconf 93' lang='lat' dir='ltr'><strong>bello</strong></span> <span class='ocrx_word' id='word_1_73' title='bbox 662 942 773 1004; x_wconf 88' lang='lat' dir='ltr'><strong>amisit.</strong></span> <span class='ocrx_word' id='word_1_74' title='bbox 817 942 882 1004; x_wconf 89' lang='lat' dir='ltr'><strong>Sed</strong></span> <span class='ocrx_word' id='word_1_75' title='bbox 899 941 926 1003; x_wconf 89' lang='lat' dir='ltr'><strong>si</strong></span> <span class='ocrx_word' id='word_1_76' title='bbox 936 959 995 1019; x_wconf 89' lang='lat' dir='ltr'><strong>par</strong></span> <span class='ocrx_word' id='word_1_77' title='bbox 1005 940 1136 1017; x_wconf 85' lang='lat' dir='ltr'><strong>utrique</strong></span> <span class='ocrx_word' id='word_1_78' title='bbox 1149 958 1204 1000; x_wconf 90' lang='lat' dir='ltr'><strong>nu-</strong></span> 
     </span>
     <span class='ocr_line' id='line_1_10' title="bbox 156 1023 1205 1103; baseline -0.001 -18"><span class='ocrx_word' id='word_1_79' title='bbox 156 1041 259 1086; x_wconf 87' lang='lat' dir='ltr'><strong>merus</strong></span> <span class='ocrx_word' id='word_1_80' title='bbox 280 1023 447 1087; x_wconf 87' lang='lat' dir='ltr'><strong>liberorum</strong></span> <span class='ocrx_word' id='word_1_81' title='bbox 467 1031 530 1099; x_wconf 89' lang='lat' dir='ltr'><strong>est,</strong></span> <span class='ocrx_word' id='word_1_82' title='bbox 552 1025 679 1088; x_wconf 87' lang='lat' dir='ltr'><strong>maritus</strong></span> <span class='ocrx_word' id='word_1_83' title='bbox 691 1034 744 1088; x_wconf 89' lang='lat' dir='ltr'><strong>aut</strong></span> <span class='ocrx_word' id='word_1_84' title='bbox 757 1026 809 1103; x_wconf 90' lang='lat' dir='ltr'><strong>qui</strong></span> <span class='ocrx_word' id='word_1_85' title='bbox 827 1027 858 1087; x_wconf 91' lang='lat' dir='ltr'><strong>in</strong></span> <span class='ocrx_word' id='word_1_86' title='bbox 871 1042 1000 1087; x_wconf 90' lang='lat' dir='ltr'><strong>numero</strong></span> <span class='ocrx_word' id='word_1_87' title='bbox 1014 1024 1205 1086; x_wconf 88' lang='lat' dir='ltr'><strong>maritorum</strong></span> 
     </span>
    </p>

    <p class='ocr_par' dir='ltr' id='par_1_5' title="bbox 128 1108 1205 1270">
     <span class='ocr_line' id='line_1_11' title="bbox 128 1108 1205 1187; baseline -0.005 -14"><span class='ocrx_word' id='word_1_88' title='bbox 128 1119 144 1173; x_wconf 83' lang='lat'><strong>6</strong></span> <span class='ocrx_word' id='word_1_89' title='bbox 157 1115 205 1170; x_wconf 91' lang='lat' dir='ltr'><strong>est</strong></span> <span class='ocrx_word' id='word_1_90' title='bbox 215 1111 404 1185; x_wconf 64' lang='lat' dir='ltr'><strong>praesertum</strong></span> <span class='ocrx_word' id='word_1_91' title='bbox 427 1108 455 1170; x_wconf 92' lang='lat' dir='ltr'><strong>si</strong></span> <span class='ocrx_word' id='word_1_92' title='bbox 466 1125 542 1171; x_wconf 89' lang='lat' dir='ltr'><strong>uero</strong></span> <span class='ocrx_word' id='word_1_93' title='bbox 561 1111 651 1172; x_wconf 90' lang='lat' dir='ltr'><strong>ambo</strong></span> <span class='ocrx_word' id='word_1_94' title='bbox 668 1117 700 1172; x_wconf 92' lang='lat' dir='ltr'><strong>et</strong></span> <span class='ocrx_word' id='word_1_95' title='bbox 710 1110 809 1171; x_wconf 91' lang='lat' dir='ltr'><strong>mariti</strong></span> <span class='ocrx_word' id='word_1_96' title='bbox 821 1117 852 1172; x_wconf 93' lang='lat' dir='ltr'><strong>et</strong></span> <span class='ocrx_word' id='word_1_97' title='bbox 862 1117 967 1187; x_wconf 86' lang='lat' dir='ltr'><strong>patres</strong></span> <span class='ocrx_word' id='word_1_98' title='bbox 980 1109 1115 1171; x_wconf 89' lang='lat' dir='ltr'><strong>totidem</strong></span> <span class='ocrx_word' id='word_1_99' title='bbox 1128 1109 1205 1168; x_wconf 93' lang='lat' dir='ltr'><strong>libe-</strong></span> 
     </span>
     <span class='ocr_line' id='line_1_12' title="bbox 155 1193 1205 1270; baseline -0.002 -18"><span class='ocrx_word' id='word_1_100' title='bbox 155 1210 259 1254; x_wconf 84' lang='lat' dir='ltr'><strong>rorum</strong></span> <span class='ocrx_word' id='word_1_101' title='bbox 271 1199 352 1266; x_wconf 88' lang='lat' dir='ltr'><strong>sunt,</strong></span> <span class='ocrx_word' id='word_1_102' title='bbox 365 1200 429 1254; x_wconf 90' lang='lat' dir='ltr'><strong>tum</strong></span> <span class='ocrx_word' id='word_1_103' title='bbox 440 1193 490 1253; x_wconf 93' lang='lat' dir='ltr'><strong>ille</strong></span> <span class='ocrx_word' id='word_1_104' title='bbox 501 1193 649 1270; x_wconf 89' lang='lat' dir='ltr'><strong>pristinus</strong></span> <span class='ocrx_word' id='word_1_105' title='bbox 661 1195 763 1256; x_wconf 89' lang='lat' dir='ltr'><strong>honos</strong></span> <span class='ocrx_word' id='word_1_106' title='bbox 774 1194 961 1256; x_wconf 86' lang='lat' dir='ltr'><strong>instauratus</strong></span> <span class='ocrx_word' id='word_1_107' title='bbox 974 1200 1020 1268; x_wconf 91' lang='lat' dir='ltr'><strong>et,</strong></span> <span class='ocrx_word' id='word_1_108' title='bbox 1034 1193 1089 1269; x_wconf 85' lang='lat' dir='ltr'><strong>qui</strong></span> <span class='ocrx_word' id='word_1_109' title='bbox 1100 1193 1205 1254; x_wconf 85' lang='lat' dir='ltr'><strong>maior</strong></span> 
     </span>
    </p>

    <p class='ocr_par' dir='ltr' id='par_1_6' title="bbox 127 1276 1206 1524">
     <span class='ocr_line' id='line_1_13' title="bbox 127 1276 1205 1356; baseline -0.006 -14"><span class='ocrx_word' id='word_1_110' title='bbox 127 1287 142 1342; x_wconf 80' lang='grc'><strong>7</strong></span> <span class='ocrx_word' id='word_1_111' title='bbox 155 1283 228 1338; x_wconf 85' lang='lat' dir='ltr'><strong>natu</strong></span> <span class='ocrx_word' id='word_1_112' title='bbox 240 1284 297 1350; x_wconf 89' lang='lat' dir='ltr'><strong>est,</strong></span> <span class='ocrx_word' id='word_1_113' title='bbox 308 1277 394 1353; x_wconf 91' lang='lat' dir='ltr'><strong>prior</strong></span> <span class='ocrx_word' id='word_1_114' title='bbox 404 1279 506 1337; x_wconf 86' lang='lat' dir='ltr'><strong>lasoes</strong></span> <span class='ocrx_word' id='word_1_115' title='bbox 519 1278 621 1338; x_wconf 91' lang='lat' dir='ltr'><strong>sumit.</strong></span> <span class='ocrx_word' id='word_1_116' title='bbox 643 1278 745 1356; x_wconf 89' lang='lat' dir='ltr'><strong>Super</strong></span> <span class='ocrx_word' id='word_1_117' title='bbox 755 1278 792 1340; x_wconf 87' lang='lat' dir='ltr'><strong>iis</strong></span> <span class='ocrx_word' id='word_1_118' title='bbox 805 1285 917 1351; x_wconf 89' lang='lat' dir='ltr'><strong>autem,</strong></span> <span class='ocrx_word' id='word_1_119' title='bbox 931 1277 984 1354; x_wconf 84' lang='lat' dir='ltr'><strong>qui</strong></span> <span class='ocrx_word' id='word_1_120' title='bbox 995 1285 1048 1339; x_wconf 88' lang='lat' dir='ltr'><strong>aut</strong></span> <span class='ocrx_word' id='word_1_121' title='bbox 1060 1276 1205 1338; x_wconf 86' lang='lat' dir='ltr'><strong>caelibes</strong></span> 
     </span>
     <span class='ocr_line' id='line_1_14' title="bbox 156 1360 1205 1438; baseline -0.001 -18"><span class='ocrx_word' id='word_1_122' title='bbox 156 1361 246 1423; x_wconf 89' lang='lat' dir='ltr'><strong>ambo</strong></span> <span class='ocrx_word' id='word_1_123' title='bbox 268 1368 341 1422; x_wconf 90' lang='lat' dir='ltr'><strong>sunt</strong></span> <span class='ocrx_word' id='word_1_124' title='bbox 360 1367 412 1422; x_wconf 90' lang='lat' dir='ltr'><strong>ant</strong></span> <span class='ocrx_word' id='word_1_125' title='bbox 432 1376 539 1438; x_wconf 87' lang='lat' dir='ltr'><strong>parem</strong></span> <span class='ocrx_word' id='word_1_126' title='bbox 561 1379 722 1423; x_wconf 87' lang='lat' dir='ltr'><strong>numerum</strong></span> <span class='ocrx_word' id='word_1_127' title='bbox 740 1362 872 1425; x_wconf 83' lang='lat' dir='ltr'><strong>illiorum</strong></span> <span class='ocrx_word' id='word_1_128' title='bbox 890 1363 1005 1424; x_wconf 90' lang='lat' dir='ltr'><strong>babent</strong></span> <span class='ocrx_word' id='word_1_129' title='bbox 1024 1367 1081 1422; x_wconf 90' lang='lat' dir='ltr'><strong>aut</strong></span> <span class='ocrx_word' id='word_1_130' title='bbox 1099 1360 1205 1421; x_wconf 85' lang='lat' dir='ltr'><strong>mariti</strong></span> 
     </span>
     <span class='ocr_line' id='line_1_15' title="bbox 155 1444 1206 1524; baseline -0.002 -19"><span class='ocrx_word' id='word_1_131' title='bbox 155 1451 227 1506; x_wconf 90' lang='lat' dir='ltr'><strong>sunt</strong></span> <span class='ocrx_word' id='word_1_132' title='bbox 239 1451 270 1504; x_wconf 91' lang='lat' dir='ltr'><strong>et</strong></span> <span class='ocrx_word' id='word_1_133' title='bbox 282 1444 396 1506; x_wconf 90' lang='lat' dir='ltr'><strong>liberos</strong></span> <span class='ocrx_word' id='word_1_134' title='bbox 408 1462 470 1506; x_wconf 89' lang='lat' dir='ltr'><strong>non</strong></span> <span class='ocrx_word' id='word_1_135' title='bbox 481 1445 610 1520; x_wconf 85' lang='lat' dir='ltr'><strong>habent,</strong></span> <span class='ocrx_word' id='word_1_136' title='bbox 623 1445 696 1506; x_wconf 88' lang='lat' dir='ltr'>nihil</span> <span class='ocrx_word' id='word_1_137' title='bbox 707 1447 856 1524; x_wconf 88' lang='lat' dir='ltr'><strong>seriptum</strong></span> <span class='ocrx_word' id='word_1_138' title='bbox 868 1447 898 1507; x_wconf 92' lang='lat' dir='ltr'><strong>in</strong></span> <span class='ocrx_word' id='word_1_139' title='bbox 911 1448 979 1522; x_wconf 87' lang='lat' dir='ltr'><strong>lege</strong></span> <span class='ocrx_word' id='word_1_140' title='bbox 992 1447 1032 1506; x_wconf 90' lang='lat' dir='ltr'><strong>de</strong></span> <span class='ocrx_word' id='word_1_141' title='bbox 1045 1461 1085 1505; x_wconf 88' lang='lat' dir='ltr'><strong>ea</strong></span> <span class='ocrx_word' id='word_1_142' title='bbox 1096 1449 1206 1505; x_wconf 89' lang='lat' dir='ltr'><strong>aetate</strong></span> 
     </span>
    </p>

    <p class='ocr_par' dir='ltr' id='par_1_7' title="bbox 126 1527 1206 1761">
     <span class='ocr_line' id='line_1_16' title="bbox 126 1527 1206 1608; baseline -0.004 -17"><span class='ocrx_word' id='word_1_143' title='bbox 126 1535 213 1591; x_wconf 74' lang='lat' dir='ltr'><strong>sest.</strong></span> <span class='ocrx_word' id='word_1_144' title='bbox 256 1527 372 1590; x_wconf 88' lang='lat' dir='ltr'><strong>Solitos</strong></span> <span class='ocrx_word' id='word_1_145' title='bbox 393 1535 495 1590; x_wconf 85' lang='lat' dir='ltr'><strong>tamen</strong></span> <span class='ocrx_word' id='word_1_146' title='bbox 513 1529 623 1603; x_wconf 89' lang='lat' dir='ltr'><strong>audio,</strong></span> <span class='ocrx_word' id='word_1_147' title='bbox 648 1529 701 1606; x_wconf 91' lang='lat' dir='ltr'><strong>qui</strong></span> <span class='ocrx_word' id='word_1_148' title='bbox 712 1532 781 1606; x_wconf 81' lang='lat' dir='ltr'><strong>lege</strong></span> <span class='ocrx_word' id='word_1_149' title='bbox 792 1531 932 1608; x_wconf 89' lang='lat' dir='ltr'><strong>potiores</strong></span> <span class='ocrx_word' id='word_1_150' title='bbox 944 1536 1069 1602; x_wconf 89' lang='lat' dir='ltr'><strong>esseut,</strong></span> <span class='ocrx_word' id='word_1_151' title='bbox 1095 1530 1206 1590; x_wconf 88' lang='lat' dir='ltr'><strong>lasees</strong></span> 
     </span>
     <span class='ocr_line' id='line_1_17' title="bbox 154 1609 1206 1691; baseline 0.001 -20"><span class='ocrx_word' id='word_1_152' title='bbox 154 1609 244 1687; x_wconf 91' lang='lat' dir='ltr'><strong>primi</strong></span> <span class='ocrx_word' id='word_1_153' title='bbox 263 1611 379 1674; x_wconf 88' lang='lat' dir='ltr'><strong>mensis</strong></span> <span class='ocrx_word' id='word_1_154' title='bbox 394 1612 521 1688; x_wconf 81' lang='lat' dir='ltr'><strong>collegis</strong></span> <span class='ocrx_word' id='word_1_155' title='bbox 540 1613 714 1675; x_wconf 80' lang='lat' dir='ltr'><strong>concedere</strong></span> <span class='ocrx_word' id='word_1_156' title='bbox 735 1621 789 1674; x_wconf 87' lang='lat' dir='ltr'><strong>aut</strong></span> <span class='ocrx_word' id='word_1_157' title='bbox 807 1618 901 1691; x_wconf 85' lang='lat' dir='ltr'><strong>longe</strong></span> <span class='ocrx_word' id='word_1_158' title='bbox 921 1620 1023 1675; x_wconf 85' lang='lat' dir='ltr'><strong>aetate</strong></span> <span class='ocrx_word' id='word_1_159' title='bbox 1038 1611 1206 1690; x_wconf 87' lang='lat' dir='ltr'><strong>prioribus</strong></span> 
     </span>
     <span class='ocr_line' id='line_1_18' title="bbox 155 1695 1206 1761; baseline 0.001 -7"><span class='ocrx_word' id='word_1_160' title='bbox 155 1703 208 1756; x_wconf 89' lang='lat' dir='ltr'><strong>aut</strong></span> <span class='ocrx_word' id='word_1_161' title='bbox 218 1696 421 1760; x_wconf 88' lang='lat' dir='ltr'><strong>nobilioribus</strong></span> <span class='ocrx_word' id='word_1_162' title='bbox 433 1698 529 1758; x_wconf 91' lang='lat' dir='ltr'><strong>multo</strong></span> <span class='ocrx_word' id='word_1_163' title='bbox 542 1703 596 1757; x_wconf 88' lang='lat' dir='ltr'><strong>aut</strong></span> <span class='ocrx_word' id='word_1_164' title='bbox 607 1698 778 1759; x_wconf 85' lang='lat' dir='ltr'><strong>secundum</strong></span> <span class='ocrx_word' id='word_1_165' title='bbox 790 1700 986 1761; x_wconf 85' lang='lat' dir='ltr'><strong>consulatum</strong></span> <span class='ocrx_word' id='word_1_166' title='bbox 1004 1695 1206 1757; x_wconf 88' lang='lat' dir='ltr'><strong>ineuntibus.</strong></span> 
     </span>
    </p>
   </div>
   <div class='ocr_carea' id='block_1_3' title="bbox 634 1877 715 1943">
    <p class='ocr_par' dir='ltr' id='par_1_8' title="bbox 634 1811 1225 1943">
     <span class='ocr_line' id='line_1_19' title="bbox 634 1877 715 1943; baseline 0.003 -1"><span class='ocrx_word' id='word_1_167' title='bbox 634 1877 715 1943; x_wconf 66' lang='lat' dir='ltr'><strong>xvi.</strong></span> 
     </span>
    </p>
   </div>
   <div class='ocr_carea' id='block_1_4' title="bbox 156 2009 1209 2168">
    <p class='ocr_par' dir='ltr' id='par_1_9' title="bbox 156 2009 1224 2168">
     <span class='ocr_line' id='line_1_20' title="bbox 156 2009 1209 2084; baseline 0.005 -19"><span class='ocrx_word' id='word_1_168' title='bbox 156 2009 237 2076; x_wconf 77' lang='lat' dir='ltr'><strong>Quod</strong></span> <span class='ocrx_word' id='word_1_169' title='bbox 257 2009 412 2066; x_wconf 85' lang='lat' dir='ltr'><strong>Caesellius</strong></span> <span class='ocrx_word' id='word_1_170' title='bbox 426 2011 540 2067; x_wconf 82' lang='lat' dir='ltr'><strong>Vindex</strong></span> <span class='ocrx_word' id='word_1_171' title='bbox 558 2011 711 2084; x_wconf 89' lang='lat' dir='ltr'><strong>aSulpieio</strong></span> <span class='ocrx_word' id='word_1_172' title='bbox 722 2013 879 2084; x_wconf 84' lang='lat' dir='ltr'><strong>Apollinari</strong></span> <span class='ocrx_word' id='word_1_173' title='bbox 901 2011 1098 2084; x_wconf 85' lang='lat' dir='ltr'><strong>reprehensus</strong></span> <span class='ocrx_word' id='word_1_174' title='bbox 1118 2021 1168 2071; x_wconf 88' lang='lat' dir='ltr'><strong>est</strong></span> <span class='ocrx_word' id='word_1_175' title='bbox 1180 2017 1209 2072; x_wconf 87' lang='lat' dir='ltr'><strong>in</strong></span> 
     </span>
     <span class='ocr_line' id='line_1_21' title="bbox 431 2096 918 2168; baseline 0.006 -18"><span class='ocrx_word' id='word_1_176' title='bbox 431 2111 532 2150; x_wconf 86' lang='lat' dir='ltr'><strong>sensus</strong></span> <span class='ocrx_word' id='word_1_177' title='bbox 554 2096 709 2168; x_wconf 86' lang='lat' dir='ltr'><strong>Vergiliani</strong></span> <span class='ocrx_word' id='word_1_178' title='bbox 730 2097 918 2154; x_wconf 84' lang='lat' dir='ltr'><strong>enarratione.</strong></span> 
     </span>
    </p>
   </div>
   <div class='ocr_carea' id='block_1_5' title="bbox 126 2238 935 2314">
    <p class='ocr_par' dir='ltr' id='par_1_10' title="bbox 126 2238 1223 2380">
     <span class='ocr_line' id='line_1_22' title="bbox 126 2238 935 2314; baseline 0.001 -15"><span class='ocrx_word' id='word_1_179' title='bbox 126 2259 140 2308; x_wconf 94' lang='lat'>1</span> <span class='ocrx_word' id='word_1_180' title='bbox 215 2238 386 2314; x_wconf 84' lang='lat' dir='ltr'><strong>Vergilii</strong></span> <span class='ocrx_word' id='word_1_181' title='bbox 407 2259 519 2306; x_wconf 86' lang='lat' dir='ltr'><strong>uersus</strong></span> <span class='ocrx_word' id='word_1_182' title='bbox 538 2252 611 2304; x_wconf 90' lang='lat' dir='ltr'><strong>sunt</strong></span> <span class='ocrx_word' id='word_1_183' title='bbox 631 2261 649 2304; x_wconf 95' lang='lat' dir='ltr'><strong>e</strong></span> <span class='ocrx_word' id='word_1_184' title='bbox 670 2245 771 2308; x_wconf 87' lang='lat' dir='ltr'><strong>libro</strong></span> <span class='ocrx_word' id='word_1_185' title='bbox 794 2252 935 2308; x_wconf 87' lang='lat' dir='ltr'><strong>sexto:</strong></span> 
     </span>
    </p>
   </div>
   <div class='ocr_carea' id='block_1_6' title="bbox 193 2352 1218 3014">
    <p class='ocr_par' dir='ltr' id='par_1_11' title="bbox 195 2352 1214 2588">
     <span class='ocr_line' id='line_1_23' title="bbox 195 2352 1165 2434; baseline 0.007 -22"><span class='ocrx_word' id='word_1_186' title='bbox 195 2352 291 2425; x_wconf 86' lang='lat' dir='ltr'><strong>Ille,</strong></span> <span class='ocrx_word' id='word_1_187' title='bbox 314 2352 452 2426; x_wconf 87' lang='lat' dir='ltr'><strong>uides,</strong></span> <span class='ocrx_word' id='word_1_188' title='bbox 474 2371 570 2430; x_wconf 84' lang='lat' dir='ltr'><strong>pura</strong></span> <span class='ocrx_word' id='word_1_189' title='bbox 590 2355 747 2417; x_wconf 87' lang='lat' dir='ltr'><strong>iuuenis</strong></span> <span class='ocrx_word' id='word_1_190' title='bbox 771 2358 835 2434; x_wconf 88' lang='lat' dir='ltr'><strong>qui</strong></span> <span class='ocrx_word' id='word_1_191' title='bbox 855 2356 998 2419; x_wconf 89' lang='lat' dir='ltr'><strong>nititur</strong></span> <span class='ocrx_word' id='word_1_192' title='bbox 1019 2358 1165 2431; x_wconf 89' lang='lat' dir='ltr'><strong>hasta,</strong></span> 
     </span>
     <span class='ocr_line' id='line_1_24' title="bbox 196 2434 1214 2504; baseline 0.007 -10"><span class='ocrx_word' id='word_1_193' title='bbox 196 2434 373 2496; x_wconf 87' lang='lat' dir='ltr'><strong>Proxima</strong></span> <span class='ocrx_word' id='word_1_194' title='bbox 404 2445 510 2499; x_wconf 86' lang='lat' dir='ltr'><strong>sorte</strong></span> <span class='ocrx_word' id='word_1_195' title='bbox 541 2446 655 2500; x_wconf 89' lang='lat' dir='ltr'><strong>tenet</strong></span> <span class='ocrx_word' id='word_1_196' title='bbox 683 2440 783 2502; x_wconf 90' lang='lat' dir='ltr'><strong>lueis</strong></span> <span class='ocrx_word' id='word_1_197' title='bbox 816 2443 915 2504; x_wconf 87' lang='lat' dir='ltr'><strong>loea.</strong></span> <span class='ocrx_word' id='word_1_198' title='bbox 966 2440 1128 2503; x_wconf 89' lang='lat' dir='ltr'><strong>Primus</strong></span> <span class='ocrx_word' id='word_1_199' title='bbox 1164 2442 1214 2501; x_wconf 83' lang='lat' dir='ltr'><strong>ad</strong></span> 
     </span>
     <span class='ocr_line' id='line_1_25' title="bbox 768 2542 889 2588; baseline 0.025 -3"><span class='ocrx_word' id='word_1_200' title='bbox 768 2542 889 2588; x_wconf 86' lang='lat' dir='ltr'><strong>auras</strong></span> 
     </span>
    </p>

    <p class='ocr_par' dir='ltr' id='par_1_12' title="bbox 193 2527 1222 3014">
     <span class='ocr_line' id='line_1_26' title="bbox 196 2601 1178 2685; baseline 0.007 -23"><span class='ocrx_word' id='word_1_201' title='bbox 196 2603 406 2664; x_wconf 83' lang='lat' dir='ltr'><strong>Aetherias</strong></span> <span class='ocrx_word' id='word_1_202' title='bbox 428 2605 525 2666; x_wconf 90' lang='lat' dir='ltr'><strong>ltalo</strong></span> <span class='ocrx_word' id='word_1_203' title='bbox 549 2607 787 2670; x_wconf 85' lang='lat' dir='ltr'><strong>commixtus</strong></span> <span class='ocrx_word' id='word_1_204' title='bbox 809 2601 1004 2685; x_wconf 81' lang='lat' dir='ltr'><strong>sanguine</strong></span> <span class='ocrx_word' id='word_1_205' title='bbox 1024 2617 1178 2684; x_wconf 83' lang='lat' dir='ltr'><strong>surget</strong></span> 
     </span>
     <span class='ocr_line' id='line_1_27' title="bbox 197 2685 1218 2771; baseline 0.007 -26"><span class='ocrx_word' id='word_1_206' title='bbox 197 2685 358 2759; x_wconf 59' lang='lat' dir='ltr'><strong>Siluius</strong></span> <span class='ocrx_word' id='word_1_207' title='bbox 376 2687 567 2749; x_wconf 83' lang='lat' dir='ltr'><strong>Albanum</strong></span> <span class='ocrx_word' id='word_1_208' title='bbox 586 2707 742 2765; x_wconf 91' lang='lat' dir='ltr'><strong>nomen,</strong></span> <span class='ocrx_word' id='word_1_209' title='bbox 764 2694 1218 2771; x_wconf 79' lang='lat' dir='ltr'><strong>tuapostumaproleS,</strong></span> 
     </span>
     <span class='ocr_line' id='line_1_28' title="bbox 196 2771 1157 2847; baseline 0.008 -18"><span class='ocrx_word' id='word_1_210' title='bbox 196 2771 309 2843; x_wconf 81' lang='lat' dir='ltr'><strong>Quem</strong></span> <span class='ocrx_word' id='word_1_211' title='bbox 331 2771 401 2831; x_wconf 89' lang='lat' dir='ltr'><strong>tibi</strong></span> <span class='ocrx_word' id='word_1_212' title='bbox 423 2772 616 2847; x_wconf 81' lang='lat' dir='ltr'><strong>longaeuo</strong></span> <span class='ocrx_word' id='word_1_213' title='bbox 640 2791 765 2837; x_wconf 90' lang='lat' dir='ltr'><strong>serum</strong></span> <span class='ocrx_word' id='word_1_214' title='bbox 786 2776 950 2840; x_wconf 87' lang='lat' dir='ltr'><strong>Lauinia</strong></span> <span class='ocrx_word' id='word_1_215' title='bbox 972 2775 1157 2837; x_wconf 77' lang='lat' dir='ltr'><strong>coniunx</strong></span> 
     </span>
     <span class='ocr_line' id='line_1_29' title="bbox 193 2853 1128 2936; baseline 0.009 -25"><span class='ocrx_word' id='word_1_216' title='bbox 193 2853 343 2915; x_wconf 83' lang='lat' dir='ltr'><strong>Educet</strong></span> <span class='ocrx_word' id='word_1_217' title='bbox 364 2853 479 2916; x_wconf 89' lang='lat' dir='ltr'><strong>siluis</strong></span> <span class='ocrx_word' id='word_1_218' title='bbox 501 2871 634 2932; x_wconf 82' lang='lat' dir='ltr'><strong>regem</strong></span> <span class='ocrx_word' id='word_1_219' title='bbox 655 2876 866 2936; x_wconf 82' lang='lat' dir='ltr'><strong>regumque</strong></span> <span class='ocrx_word' id='word_1_220' title='bbox 887 2865 1128 2936; x_wconf 86' lang='lat' dir='ltr'><strong>parentem:</strong></span> 
     </span>
     <span class='ocr_line' id='line_1_30' title="bbox 193 2936 1206 3014; baseline 0.01 -20"><span class='ocrx_word' id='word_1_221' title='bbox 193 2936 300 2997; x_wconf 89' lang='lat' dir='ltr'><strong>Vnde</strong></span> <span class='ocrx_word' id='word_1_222' title='bbox 322 2955 442 3012; x_wconf 72' lang='lat' dir='ltr'><strong>genus</strong></span> <span class='ocrx_word' id='word_1_223' title='bbox 461 2940 587 3014; x_wconf 81' lang='lat' dir='ltr'><strong>Longa</strong></span> <span class='ocrx_word' id='word_1_224' title='bbox 609 2949 783 3004; x_wconf 89' lang='lat' dir='ltr'><strong>nostrum</strong></span> <span class='ocrx_word' id='word_1_225' title='bbox 803 2943 1071 3006; x_wconf 88' lang='lat' dir='ltr'><strong>dominabitur</strong></span> <span class='ocrx_word' id='word_1_226' title='bbox 1092 2943 1206 3004; x_wconf 90' lang='lat' dir='ltr'><strong>Alba</strong></span> 
     </span>
    </p>
   </div>
   <div class='ocr_carea' id='block_1_7' title="bbox 125 3062 1217 3262">
    <p class='ocr_par' dir='ltr' id='par_1_13' title="bbox 125 3062 1219 3296">
     <span class='ocr_line' id='line_1_31' title="bbox 125 3062 1217 3150; baseline 0.011 -29"><span class='ocrx_word' id='word_1_227' title='bbox 125 3087 142 3139; x_wconf 77' lang='lat'>2</span> <span class='ocrx_word' id='word_1_228' title='bbox 216 3062 407 3126; x_wconf 86' lang='lat' dir='ltr'><strong>Videbantur</strong></span> <span class='ocrx_word' id='word_1_229' title='bbox 421 3067 498 3127; x_wconf 90' lang='lat' dir='ltr'><strong>haee</strong></span> <span class='ocrx_word' id='word_1_230' title='bbox 514 3083 708 3144; x_wconf 88' lang='lat' dir='ltr'><strong>nequaquam</strong></span> <span class='ocrx_word' id='word_1_231' title='bbox 728 3070 910 3130; x_wconf 87' lang='lat' dir='ltr'><strong>conuenire:</strong></span> <span class='ocrx_word' id='word_1_232' title='bbox 1216 3147 1217 3150; x_wconf 8' lang='grc' dir='ltr'><strong>Ἴ</strong></span> 
     </span>
     <span class='ocr_line' id='line_1_32' title="bbox 561 3187 986 3262; baseline 0.015 -22"><span class='ocrx_word' id='word_1_233' title='bbox 561 3189 624 3242; x_wconf 86' lang='lat' dir='ltr'><strong>tua</strong></span> <span class='ocrx_word' id='word_1_234' title='bbox 642 3191 818 3259; x_wconf 86' lang='lat' dir='ltr'><strong>postuma</strong></span> <span class='ocrx_word' id='word_1_235' title='bbox 835 3187 986 3262; x_wconf 88' lang='lat' dir='ltr'><strong>proles,</strong></span> 
     </span>
    </p>
   </div>
   <div class='ocr_carea' id='block_1_8' title="bbox 152 3270 1134 3506">
    <p class='ocr_par' dir='ltr' id='par_1_14' title="bbox 152 3270 1134 3506">
     <span class='ocr_line' id='line_1_33' title="bbox 152 3270 196 3324; baseline -0.023 0"><span class='ocrx_word' id='word_1_236' title='bbox 152 3270 196 3324; x_wconf 88' lang='lat' dir='ltr'><strong>et:</strong></span> 
     </span>
     <span class='ocr_line' id='line_1_34' title="bbox 195 3346 1134 3420; baseline 0.011 -14"><span class='ocrx_word' id='word_1_237' title='bbox 195 3346 305 3420; x_wconf 83' lang='lat' dir='ltr'><strong>Quem</strong></span> <span class='ocrx_word' id='word_1_238' title='bbox 323 3347 394 3407; x_wconf 92' lang='lat' dir='ltr'><strong>tibi</strong></span> <span class='ocrx_word' id='word_1_239' title='bbox 416 3349 606 3420; x_wconf 83' lang='lat' dir='ltr'><strong>longaeuo</strong></span> <span class='ocrx_word' id='word_1_240' title='bbox 627 3365 752 3411; x_wconf 91' lang='lat' dir='ltr'><strong>serum</strong></span> <span class='ocrx_word' id='word_1_241' title='bbox 768 3352 929 3414; x_wconf 88' lang='lat' dir='ltr'><strong>Lauinia</strong></span> <span class='ocrx_word' id='word_1_242' title='bbox 950 3354 1134 3416; x_wconf 82' lang='lat' dir='ltr'><strong>coniunx</strong></span> 
     </span>
     <span class='ocr_line' id='line_1_35' title="bbox 193 3429 498 3506; baseline -0.003 -18"><span class='ocrx_word' id='word_1_243' title='bbox 193 3429 339 3489; x_wconf 85' lang='lat' dir='ltr'><strong>Educet</strong></span> <span class='ocrx_word' id='word_1_244' title='bbox 360 3446 498 3506; x_wconf 82' lang='lat' dir='ltr'><strong>regem.</strong></span> 
     </span>
    </p>
   </div>
   <div class='ocr_carea' id='block_1_9' title="bbox 0 0 1241 3918">
    <p class='ocr_par' dir='ltr' id='par_1_15' title="bbox 0 0 1241 3918">
     <span class='ocr_line' id='line_1_36' title="bbox 0 0 1241 3918; baseline 0 0"><span class='ocrx_word' id='word_1_245' title='bbox 0 0 1241 3918; x_wconf 95' lang='lat' dir='ltr'><strong> </strong></span> 
     </span>
    </p>
   </div>
  </div>
 </body>
</html>
