2490 3926
153 199 196 266 44
610 201 633 258 l.
650 217 681 259 v.
694 215 737 259 vr.

155 367 225 430 hinc
238 374 269 427 et
279 360 331 428 ‘cci
342 355 474 444 xopud’
486 366 537 427 illa
551 371 561 402 ³
569 365 760 446 quaeremur
774 372 805 426 et
820 359 973 445 *paganel
984 363 1205 444 gizuvtcxot’

156 453 194 512 ab
211 450 337 513 aemulis
355 451 604 527 aduersariisque
622 451 739 526 probro
758 449 842 523 data,
861 449 931 510 hinc
950 448 1040 509 etiam
1051 449 1207 526 turpibus

153 534 350 611 indignisque
367 534 398 595 in
414 551 483 596 eum
498 534 601 595 uerbis
613 549 676 597 non
696 540 914 610 temperatam,
934 533 1005 609 quin
1022 549 1138 610 parum
1154 534 1204 593 uir

156 627 186 680 et
199 636 253 681 ore
265 635 390 695 quoque
402 620 520 694 polluto
534 619 697 679 diceretur.

131 724 149 776 2
218 704 270 763 Ad
285 703 417 764 eundem
428 702 554 765 modum
562 703 596 778 Q.
607 699 842 763 Hortensius
860 699 1002 763 omnibus
1018 701 1117 762 ferme
1131 718 1204 762 ora-

154 788 274 848 toribus
296 785 405 847 aetatis
423 802 513 860 suae,
537 785 596 846 nisi
613 787 654 846 Μ.
673 784 816 857 Tullio,
838 784 964 857 clarior,
992 785 1078 860 quod
1101 787 1206 846 multa

154 870 301 932 munditia
320 876 351 930 et
372 870 594 946 circumspecte
612 868 847 946 compositeque
866 867 992 929 indutus
1016 874 1046 929 et
1062 869 1205 930 amictus

155 961 240 1016 esset
250 971 423 1030 manusque
435 955 500 1014 eius
511 953 592 1014 inter
602 955 756 1029 agendum
774 955 875 1014 lorent
885 958 1012 1027 argutae
1025 953 1206 1014 admodum

156 1045 186 1098 et
201 1043 384 1114 gestuosae,
406 1038 576 1099 maledictis
585 1036 943 1114 compellationibusque
959 1037 1084 1112 probris
1104 1037 1206 1098 iacta-
1231 1103 1233 1110 ,

156 1129 204 1183 tus
217 1129 266 1184 est
282 1124 439 1198 multaque
448 1122 478 1181 in
492 1139 577 1194 eum,
596 1123 684 1196 quasi
700 1120 731 1182 in
743 1119 938 1194 histrionem,
956 1120 986 1180 in
998 1121 1075 1197 ipsis
1091 1120 1205 1182 causis

131 1213 248 1282 satque
270 1205 391 1266 iudiciis
408 1205 490 1266 dicta
512 1213 593 1267 sunt.
630 1205 694 1266 Sed
716 1222 785 1266 cum
806 1207 840 1264 L.
859 1206 1100 1280 TorquatuS‚
1127 1207 1204 1266 sub-

155 1290 270 1365 agresti
282 1290 375 1354 homo
388 1288 511 1364 ingenio
525 1296 556 1349 et
569 1289 729 1363 infestiuo‚
748 1289 873 1364 grauius
891 1288 1099 1364 acerbiusque
1112 1291 1206 1365 apud

156 1373 316 1434 consillum
338 1373 488 1445 iudicum,
514 1389 583 1433 cum
600 1375 639 1432 de
657 1388 752 1434 causa
769 1372 873 1434 Sullae
891 1379 1109 1448 quaereretur,
1137 1392 1205 1435 non

154 1457 213 1518 iam
231 1456 412 1518 histrionem
431 1473 500 1516 eum
517 1473 589 1518 esse
606 1457 735 1531 diceret,
759 1457 817 1518 sed
833 1455 1060 1532 gesticulariam
1080 1456 1206 1535 Diony-

155 1541 295 1617 siamque
326 1557 396 1601 eum
426 1539 607 1602 notissimae
630 1540 836 1601 saltatriculae
858 1540 983 1601 nomine
1012 1542 1206 1618 appellaret,

153 1633 218 1685 turn
236 1641 316 1687 uoce
334 1625 418 1686 molli
433 1629 526 1699 atque
550 1623 685 1686 demissa
701 1624 958 1686 Hortensius:
994 1624 1205 1703 ‘Dionysia’‚

154 1708 266 1784 inquit,
286 1707 454 1786 ‘Dionysia
472 1711 552 1771 malo
568 1707 712 1784 equidem
725 1725 813 1783 esse,
832 1725 925 1784 quam
940 1708 1025 1785 quod
1042 1716 1098 1783 tu,
1123 1711 1207 1772 Tor-

156 1799 262 1868 quate,
275 1785 439 1873 ἄμουσος,
460 1782 701 1873 ἀναφρόδιτος,
720 1783 1011 1873 ἀπροσδιόνυσος.’

646 1961 699 2023 vl.

153 2082 249 2137 Verba
261 2099 296 2137 ex
309 2083 434 2138 oratione
445 2083 550 2137 Metelli
561 2081 716 2149 Numidici,
737 2097 819 2152 quam
838 2083 867 2136 in
884 2097 1003 2137 censura
1015 2079 1087 2136 dixit
1099 2081 1140 2136 ad
1153 2099 1208 2154 po-

196 2166 307 2236 pulum,
326 2183 390 2221 cum
402 2182 465 2220 eum
478 2166 515 2222 ad
528 2181 629 2220 mores
644 2164 788 2221 ducendas
801 2164 996 2223 adhortaretur
1004 2182 1012 2235 ;
1029 2183 1123 2238 eaque
1140 2184 1209 2222 ora-

196 2250 234 2304 tio
250 2265 332 2320 quam
350 2251 384 2305 ob
398 2266 513 2305 causam
524 2249 696 2321 reprehensa
709 2255 735 2304 cl
747 2266 801 2322 quo
813 2256 910 2306 contra
920 2250 1004 2306 modo
1018 2249 1144 2306 defensa
1158 2253 1207 2307 sit.

132 2399 147 2450 1
219 2378 323 2440 Multis
336 2386 367 2440 ct
379 2380 505 2441 eruditis
519 2379 593 2440 uiris
606 2378 800 2442 audientibus
812 2381 972 2456 legebatur
983 2379 1113 2441 oratio
1125 2381 1161 2441 M
1170 2399 1209 2442 e-

153 2462 828 2540 telliNumidici‚grauisacdisertiuiri,
843 2482 951 2540 quam
968 2464 1004 2524 in
1026 2481 1210 2525 censura

155 2546 252 2607 dixit
274 2548 318 2608 ad
339 2551 521 2625 populum
539 2549 585 2609 de
603 2548 792 2610 ducendis
810 2549 1017 2621 uxoribus,
1041 2565 1113 2608 eum
1128 2565 1209 2608 eum

131 2632 193 2700 aad
215 2631 406 2692 matrimonia
429 2632 624 2709 capessenda
646 2633 829 2695 hortaretur.
872 2635 906 2692 ln
929 2649 966 2692 ea
989 2631 1135 2694 oratione
1162 2633 1211 2694 ita

155 2715 302 2776 scribtum
327 2715 398 2776 luit:
440 2717 478 2778 Si
503 2715 586 2777 sinc
607 2732 727 2776 uxore
748 2733 973 2792 possemus,
1003 2715 1208 2792 Quirites,

155 2806 290 2874 [esse],
316 2817 446 2861 omnes
476 2817 518 2860 ea
540 2800 722 2861 molestia
744 2816 982 2872 careremus3
1011 2807 1071 2861 set
1099 2818 1208 2876 quo-

152 2883 252 2943 niam
276 2883 330 2944 ita
354 2891 491 2944 natura
512 2883 692 2956 tradidit,
720 2891 760 2944 ut
782 2901 850 2946 nec
878 2883 1065 2945 cumillis
1094 2885 1209 2945 satis

155 2968 367 3040 commode,
391 2985 460 3028 nec
485 2967 568 3028 sine
595 2967 677 3028 illis
704 2969 785 3030 ullo
812 2970 921 3030 modo
941 2967 1021 3029 uiui
1044 2969 1207 3043 possit,

155 3051 275 3112 saluti
301 3057 518 3128 perpetuae
546 3050 694 3127 potius,
725 3068 833 3127 quarn
855 3053 969 3113 breui
991 3052 1208 3128 uoluptati

155 3135 439 3198 consulendum
461 3141 531 3194 est.

130 3232 148 3284 3
215 3219 387 3280 Videbatur
402 3219 594 3295 quibusdam,
608 3220 642 3294 Q.
655 3219 853 3279 Metellum
866 3235 1045 3292 censorem,
1059 3216 1109 3280 cui
1124 3235 1207 3281 con·

155 3304 255 3365 silium
267 3308 362 3375 esset,
375 3304 415 3362 ad
426 3319 542 3364 uxores
555 3303 713 3364 ducendas
724 3306 875 3380 populum
887 3302 1012 3376 hortari,
1025 3320 1088 3364 non
1102 3320 1206 3379 opor-

153 3387 251 3448 tuisse
263 3389 302 3447 de
313 3386 455 3448 molestia
465 3386 733 3462 incommodisque
748 3386 908 3463 perpetuis
921 3387 966 3448 rei
978 3387 1111 3448 uxoriae
1124 3405 1205 3448 con—

154 3467 247 3540 fiteri,
271 3485 374 3544 neque
387 3468 418 3529 id
429 3469 546 3531 hortari
557 3469 654 3545 magis
667 3486 753 3543 esse,
776 3487 868 3546 quam
881 3470 1064 3534 dissuadere
1076 3471 1205 3532 abster-
