2456 3918
181 210 242 274 102
620 211 656 269 ll.
673 224 776 269 xxrur.

178 377 238 439 ritu
251 375 473 452 ‘mutitarent’,
497 376 529 437 id
547 382 596 438 cst
613 382 719 438 mutua
735 374 816 436 inter
827 392 900 437 sese
913 373 1049 438 dominia
1059 373 1212 452 agitarent,

178 463 281 524 iurare
298 462 382 539 apud
402 464 548 523 consulas
558 461 663 522 uerbis
677 459 836 536 conceptis
848 477 912 522 non
924 459 1055 538 amplius
1068 459 1101 522 in
1120 460 1212 535 singu-

178 550 225 608 las
239 563 333 608 cenas
346 551 489 622 sumptus
506 563 578 607 esse
590 547 743 618 lacturoS,
764 561 856 620 quam
868 551 1017 608 centenos
1027 544 1212 620 uicenosque

179 631 270 705 aerIS,
282 636 407 708 praeter
419 631 488 692 olus
502 636 533 690 ct
544 631 591 690 lar
601 637 633 691 et
643 629 759 702 uinum,
772 645 874 705 nequa
886 629 960 691 uino
973 629 1155 706 alienigena,
1165 629 1211 690 sed

178 714 310 792 patriae,
322 731 448 789 usuros,
461 730 564 791 neque
576 712 695 790 argenti
706 712 736 773 in
750 712 894 776 conuiuio
907 715 979 791 plus
990 715 1116 791 pondo,
1132 729 1210 790 quam

179 801 272 861 libras
285 805 408 860 centum
420 798 580 860 inlaturos.

152 894 170 947 3
244 883 306 944 Sed
328 887 402 960 post
423 882 455 943 id
478 888 605 945 senatus
629 883 805 945 consultum
827 885 890 943 lex
912 880 1057 943 Fannia
1079 885 1143 943 lata
1164 890 1209 952 est,

181 983 260 1042 quae
272 967 352 1028 ludis
363 966 521 1043 Romanis,
533 965 605 1029 item
617 965 697 1028 ludis
709 965 828 1044 plebeis
841 973 872 1028 et
884 964 1101 1029 Saturnalibus
1113 974 1145 1028 et
1156 967 1210 1026 aliis

180 1051 364 1126 quibusdam
376 1051 485 1114 diebus
497 1051 528 1112 in
541 1049 681 1128 singulos
693 1051 760 1114 dies
773 1058 922 1114 centenos
936 1049 1016 1113 aeris
1027 1050 1144 1113 insumi
1152 1068 1211 1112 con-

179 1135 274 1198 cessit
285 1137 457 1213 decemque
475 1135 542 1198 aliis
562 1136 672 1198 diebus
689 1135 720 1196 in
743 1135 873 1213 singulis
892 1134 1049 1198 mensibus
1073 1135 1209 1199 tricenos.

152 1219 290 1282 laeteris
302 1227 405 1282 autem
416 1221 526 1282 diebus
540 1220 683 1282 omnibus
696 1221 806 1284 denos.
836 1223 924 1282 Hane
935 1219 1113 1282 Lucilius
1131 1229 1210 1298 poeta

180 1305 280 1378 legem
292 1303 461 1380 significat,
477 1322 546 1367 cunr
559 1304 646 1366 dicit:

384 1421 505 1483 Fanni
528 1421 731 1485 centussis
753 1421 942 1484 misellus.

148 1558 208 1618 tln
233 1573 295 1631 quo
319 1564 503 1619 errauerunt
527 1557 682 1633 quidam
706 1557 1073 1620 commentariorum
1096 1557 1133 1619 in
1155 1558 1210 1617 Lu-

180 1639 312 1701 cilium
345 1640 583 1716 scribtores,
619 1643 704 1719 quod
728 1650 932 1720 putauerunt,
957 1642 1106 1703 Fannia
1138 1643 1220 1716 lege,

178 1731 350 1802 perpetuos
373 1725 404 1785 in
427 1743 519 1787 omne
542 1725 661 1788 dierum
683 1743 782 1804 genus
806 1734 956 1789 centenos
975 1727 1057 1788 aeris
1076 1733 1210 1788 statutos.

153 1811 309 1874 dcentum
321 1809 402 1871 enim
413 1809 494 1872 aeris
508 1811 643 1874 Fannius
657 1811 823 1886 constituit,
837 1811 927 1873 sicuti
939 1829 1035 1889 supra
1049 1810 1123 1885 dixi,
1138 1810 1211 1870 lestis

180 1893 365 1970 quibusdam
383 1895 492 1957 diebus
511 1911 632 1972 eosque
649 1896 737 1974 ipsos
751 1895 817 1958 dies
830 1896 1015 1970 nominauit,
1028 1895 1160 1957 aliorum
1172 1911 1211 1954 au·

178 1986 240 2039 tem
259 1979 379 2040 dierum
398 1979 533 2041 omnium
550 1979 581 2040 in
599 1981 740 2057 singulos
759 1979 826 2042 dies
840 1988 997 2058 sumptum
1008 1978 1136 2041 inclusit
1146 1980 1213 2038 intra

178 2063 260 2125 aeris
272 2063 349 2124 alias
361 2063 603 2137 tricenos,alias
617 2066 726 2127 denos.
1218 2133 1219 2150 ,

152 2152 169 2208 7
241 2147 318 2207 Lex
341 2145 453 2209 deinde
475 2147 626 2209 Licinia
648 2156 757 2226 rogata
775 2156 837 2225 est,
859 2166 1029 2226 quaecum
1049 2148 1219 2210 cernisne-r

178 2231 247 2304 bus,
261 2229 352 2291 sicuti
363 2231 520 2304 Fannia,
537 2239 687 2295 centenos
700 2233 780 2295 aeris
792 2233 918 2310 inpendi
931 2232 1136 2311 permisisset,
1150 2233 1212 2294 nub·

177 2312 218 2374 tis
232 2315 371 2376 ducenos
388 2313 516 2378 indulsit
532 2316 707 2393 ceterisque
725 2318 834 2379 diebus
854 2317 960 2380 statuit
976 2317 1057 2379 aeris
1070 2317 1212 2386 tricenos

178 2413 248 2460 cum
267 2405 298 2458 et
316 2398 417 2460 earnis
434 2407 537 2461 autam
556 2408 587 2462 et
599 2401 777 2464 salsamenti
790 2413 874 2464 carta
885 2401 1069 2480 ponderain
1082 2402 1212 2478 singulos

179 2481 245 2543 dies
258 2483 485 2559 constituisset,
499 2484 651 2562 quidquid
663 2497 748 2549 esset
758 2494 861 2549 tamen
874 2495 1001 2562 eterra,
1013 2487 1086 2562 uite,
1099 2488 1212 2549 arbore.

150 2566 333 2643 apromisee
351 2575 445 2645 atque
456 2569 615 2631 indefinite
627 2571 736 2648 largita
748 2578 806 2633 est.
840 2571 939 2634 Huius
959 2571 1037 2648 legis
1052 2572 1218 2642 Laeuius,

148 2656 271 2728 9poeta
293 2653 429 2715 meminit
450 2654 481 2715 in
504 2655 823 2732 Erotopaegniis.
864 2658 970 2718 Verba
990 2656 1124 2718 Laeuii
1146 2659 1212 2717 haer

175 2744 262 2812 sunt,
283 2737 395 2814 quibus
408 2737 560 2814 signifieat
571 2740 719 2815 haedum,
735 2741 787 2818 qui
800 2743 840 2802 ad
853 2744 962 2818 epulas
975 2743 1077 2803 luerat
1087 2743 1211 2808 adlatus,

175 2820 336 2884 dimissum
354 2839 525 2900 cenamque
542 2823 599 2896 ita,
626 2831 659 2885 ut
678 2826 738 2886 lex
755 2825 907 2885 Licinia
927 2826 1098 2901 sanxisset,
1119 2825 1212 2904 pomis

174 2906 374 2984 oleribusque
392 2907 584 2970 instructam.

257 3006 333 3066 Lex
356 3005 548 3081 Licini(a)‚
574 3005 687 3081 inquit,
712 3007 999 3070 introducitur:
1216 3057 1217 3084 ,

257 3090 336 3151 Lux
358 3089 513 3166 liquida
536 3090 661 3151 haedo
685 3092 874 3152 redditur.

130 3187 345 3252 10Lucilins
359 3207 485 3268 quoque
497 3189 574 3267 legis
587 3189 677 3251 istius
692 3191 828 3252 meminit
839 3192 869 3252 in
882 3192 929 3253 his
942 3191 1065 3253 uerbis:

418 3291 555 3366 Legem
579 3289 742 3352 uitemus
767 3289 902 3352 Licini.

129 3414 162 3466 11
235 3406 349 3464 Postea
359 3405 393 3468 L.
407 3406 515 3467 Sulla
527 3407 666 3478 dictator,
679 3423 763 3481 oum,
776 3407 895 3483 legibus
909 3407 975 3470 istis
990 3407 1050 3470 situ
1063 3415 1153 3483 atque
1166 3391 1216 3464 sa?

171 3485 221 3547 nio
243 3485 427 3563 obliteratis,
447 3489 587 3566 plerique
606 3489 636 3548 in
655 3490 847 3565 patrimoniis
860 3491 970 3568 amplis
984 3495 1171 3554 elluarentur
1183 3493 1209 3548 et

1208 3817 1215 3885 l
