2456 3918
145 227 189 296 58
620 226 642 285 l.
662 239 716 286 xv.

633 390 700 454 XV.
781 429 784 436 »

149 520 238 590 Quam
260 521 438 591 inportunum
460 515 556 570 uilium
583 514 751 585 plenumque
779 511 837 566 odii
861 510 897 564 sit
919 505 1017 562 futtilis
1045 504 1191 576 inanisque

190 605 346 677 loquacitas
364 608 391 657 el
407 615 491 673 quam
510 599 603 654 multis
622 599 649 652 in
667 598 736 653 loeis
755 595 960 667 aprincipibus
980 591 1132 662 utrIusque
1147 590 1190 643 lin·

189 705 262 762 guae
276 688 343 745 uiris
356 685 540 742 detestatione
552 683 626 738 iusta
637 684 749 753 culpata
766 682 811 736 sit.

121 841 136 894 1
217 817 273 894 Qui
288 824 360 878 sunt
375 818 461 877 leues
485 822 516 875 et
537 815 650 877 futtiles
666 823 697 876 et
715 815 882 892 importuni
897 816 1060 875 locutores
1073 807 1192 889 quique

150 905 236 964 nullo
252 917 356 962 rerum
367 901 508 976 pondere
520 898 615 960 innixi
626 901 730 961 uerbis
749 898 852 960 uuidis
873 905 904 960 et
922 897 1124 974 lapsantibus
1146 898 1192 956 dil-

148 989 263 1058 lluunt,
287 1001 395 1045 eorum
413 983 585 1045 orationem
603 986 683 1046 bene
702 984 908 1045 existimatum
920 988 969 1043 est
981 982 1013 1043 in
1028 999 1085 1044 ore
1097 983 1191 1053 nasci,

148 1087 210 1133 non
229 1070 259 1130 in
277 1076 421 1146 pectore;
443 1069 578 1144 linguam
602 1076 705 1130 autem
728 1069 843 1129 debere
867 1068 952 1128 aiunt
975 1083 1040 1128 non
1066 1083 1142 1128 esse
1165 1067 1193 1125 li-

148 1157 255 1217 beram
269 1169 327 1214 nec
338 1169 464 1233 uagam,
488 1155 545 1218 sed
567 1153 676 1220 uinclis
700 1154 739 1214 de
757 1159 885 1231 pectore
901 1151 962 1214 imo
982 1168 1020 1212 aa
1040 1151 1081 1212 de
1099 1152 1192 1213 corde

122 1244 232 1322 aaptis
245 1239 365 1308 moueri
377 1249 407 1304 et
419 1242 507 1320 quasi
519 1241 694 1320 gubernari.
739 1240 803 1302 Sed
820 1238 901 1301 enim
912 1238 1024 1300 uideas
1039 1238 1192 1314 quosdam
1216 1255 1217 1266 ¹

149 1339 272 1393 scatere
283 1329 388 1392 uerbis
402 1330 469 1390 sine
482 1330 545 1390 ullo
559 1328 663 1392 iudicii
681 1326 806 1404 negotio
820 1343 890 1387 cum
909 1324 1078 1388 securitate
1102 1323 1194 1384 multa

149 1416 360 1492 etprolunda,
385 1416 593 1489 alloquentes
620 1415 803 1491 plerumque
825 1412 992 1474 uideantur
1014 1407 1106 1488 loqui
1127 1427 1192 1474 sese

119 1500 279 1566 aneseire.
322 1499 432 1560 Vlixen
457 1506 565 1560 contra
586 1501 793 1571 Homerus,
819 1497 919 1557 uirum
936 1497 1072 1574 sapienti
1090 1499 1192 1558 iacun·
1217 1541 1218 1548 ,

150 1584 201 1645 dia
212 1582 399 1660 praeditum,
412 1600 524 1644 uocem
536 1584 656 1644 mittere
668 1583 709 1642 ait
721 1600 784 1644 non
799 1599 838 1642 ex
850 1599 914 1655 ore,
928 1583 986 1644 sed
1000 1599 1040 1642 ex
1052 1589 1193 1659 pectore,

149 1671 234 1748 quod
243 1667 361 1730 seilicet
370 1684 432 1728 non
441 1669 481 1727 ad
493 1684 603 1728 sonum
616 1667 713 1744 magis
725 1666 924 1743 habitumque
938 1667 1039 1740 nocie,
1050 1683 1148 1743 quam
1159 1667 1193 1726 ad

149 1753 371 1816 sententiarum
401 1752 524 1828 penitus
553 1759 775 1830 conceptarum
798 1751 989 1812 altitudinem
1010 1752 1190 1828 pertineret
1218 1801 1219 1826 ,

148 1837 399 1917 petulantiaeque
410 1840 577 1901 uerborum
590 1839 783 1900 coercendae
795 1839 909 1899 uallum
922 1854 995 1899 esse
1011 1837 1193 1914 oppositum

148 1924 285 1986 dentium
302 1927 458 1985 luculente
476 1925 567 1997 dixit,
593 1929 625 1984 ut
648 1922 794 1998 loquendi
815 1923 974 1983 temeritas
997 1939 1064 1983 non
1090 1920 1193 1984 cordis

147 2017 266 2070 tantum
278 2009 524 2084 custodiamque
536 2008 639 2083 uigilia
658 2007 855 2082 cohibeatur,
878 2007 936 2068 sed
950 2013 981 2066 et
1005 2006 1195 2082 quibusdam

149 2093 237 2169 quasi
249 2091 387 2153 excubiis
399 2092 430 2152 in
443 2109 497 2153 ore
509 2092 619 2168 positis
632 2092 796 2168 saepiatur.

122 2227 139 2279 4
213 2207 435 2281 Homerica,
459 2208 497 2267 de
512 2208 623 2283 quibus
636 2209 817 2287 supradixi,
841 2210 917 2270 haec
936 2217 1023 2272 sunt:

147 2299 285 2452 etjAli’
310 2299 377 2370 ὅτε
400 2299 446 2387 δὴ
467 2299 544 2368 ὄπα
568 2329 609 2370 τε
630 2306 814 2390 μεγάλην
840 2308 882 2372 ἐκ
905 2307 1091 2390 στήθεος
1114 2307 1195 2388 εἴη,

356 2468 487 2538 Ποῖόν
508 2489 556 2538 σε
578 2473 672 2550 ἔπος
695 2471 829 2557 φύγεν
849 2473 971 2559 ἕρκος
991 2469 1195 2540 ὀδόντων.

121 2594 269 2656 olllarci
302 2594 413 2655 Tullii
447 2611 573 2671 quoque
605 2597 701 2656 uerba
729 2596 838 2673 posui,
873 2595 985 2672 quibus
1010 2601 1141 2660 stultam
1169 2607 1198 2657 et

120 2686 137 2740 6
151 2681 270 2743 inanem
282 2678 404 2739 dicendi
416 2680 537 2755 copiam
552 2677 687 2754 grauiter
701 2685 813 2741 etuere
821 2680 993 2742 detestatus
1006 2690 1072 2744 est:
1086 2684 1197 2744 Dum-

147 2765 273 2837 modo,
290 2763 403 2838 inquit,
427 2764 498 2823 hoc
517 2769 693 2836 constet,
716 2780 842 2838 neque
865 2764 1072 2827 infantiam
1094 2766 1195 2832 eius.

147 2849 316 2925 quirem
344 2845 468 2918 norit,
503 2846 571 2906 sed
594 2861 672 2906 eam
695 2849 895 2923 explicare
918 2849 1092 2911 dicendo
1118 2867 1196 2912 non

147 2940 282 3008 queat,
317 2946 443 3007 neque
476 2929 724 2990 inscientiam
756 2931 887 3006 illius,
922 2934 984 2995 cui
1017 2951 1082 2996 res
1117 2952 1196 2994 non

146 3023 352 3091 suppetat,
373 3015 493 3075 uerba
520 3031 592 3074 non
624 3014 775 3090 desint,
806 3033 898 3078 esse
932 3018 1194 3078 laudandam:

147 3117 306 3174 quorum
327 3097 365 3159 si
387 3100 551 3158 alterum
580 3097 631 3158 sit
653 3103 886 3176 optandum,
921 3101 1050 3162 malim
1075 3103 1196 3177 equi-

146 3185 228 3244 dem
250 3183 484 3243 indisertam
508 3182 773 3258 prudentiam,
808 3201 919 3261 quam
942 3188 1105 3247 stultam
1128 3189 1195 3247 lo-

118 3268 392 3342 lquaoitatem.
426 3266 500 3326 ltem
518 3267 552 3325 in
575 3266 679 3328 libro
697 3269 740 3328 de
764 3275 924 3330 oratore
946 3270 1073 3345 primo
1091 3271 1196 3331 uerba

146 3352 223 3409 haec
250 3349 368 3427 posuit:
410 3349 505 3422 Quid
535 3349 633 3410 enim
656 3358 714 3412 est
735 3358 809 3412 tam
832 3354 1044 3427 furiosum,
1076 3371 1194 3430 quam

146 3433 352 3494 uerborum
374 3435 430 3492 uel
454 3433 684 3506 optimorum
705 3443 821 3510 atque
840 3438 1195 3499 ornatissimorum

146 3515 300 3576 sonitus
337 3515 485 3587 inania,
518 3517 627 3576 nulla
662 3519 846 3580 subiecta
882 3520 1084 3582 sententia
1115 3539 1194 3582 nec
