2456 3918
438 238 474 300 ll.
495 255 538 298 xi.
553 255 609 300 xn.
995 238 1037 304 8⁵

48 403 146 464 deretur.
185 403 358 467 Coniectare
377 403 469 481 igitur
489 421 539 480 se,
559 406 729 468 detractam
746 424 817 468 esse
829 425 869 470 cx
886 410 1064 471 eoucrbot

46 487 296 550 sccmdemliteram
312 496 343 550 et
359 488 511 551 ‘lauisas’
530 506 602 554 esse
614 491 712 552 dictas
730 493 824 553 cellas
837 494 987 568 quasdam
1006 499 1038 553 et

44 585 140 645 specta,
157 572 261 648 quibus
276 573 390 636 aeditui
408 573 549 651 Capitolii
568 581 730 638 uterentur
752 577 792 636 ad
814 577 1036 638 custodiendas

43 669 79 714 res
94 663 197 720 ueteres
218 657 388 736 religiosas.

489 814 541 875 XI.

41 927 67 982 lie
84 927 170 986 Sicinio
189 931 321 1002 Dentato,
348 937 464 1008 egregio
484 937 633 1003 bellatore,
660 935 746 990 multa
767 939 921 989 memoratu
943 933 1036 1006 digna.

78 1077 105 1137 l.
116 1077 251 1143 Sicinium
263 1085 438 1158 Dentatum,
451 1083 504 1161 qui
514 1083 655 1145 tribunus
666 1081 748 1158 plebi
760 1082 824 1154 luit,
842 1081 955 1160 Spurio
967 1085 1038 1144 Tar·
1051 1098 1066 1152 l

38 1160 98 1234 llio,
113 1166 146 1224 A.
161 1167 290 1230 Aternio
311 1168 506 1242 consulibus,
526 1167 675 1244 scriptum
695 1173 743 1227 est
764 1167 805 1226 in
825 1166 939 1228 libris
960 1183 1035 1228 an-

37 1245 170 1323 nalibus,
195 1252 287 1328 plus,
308 1269 400 1330 quarn
420 1253 504 1314 credi
524 1252 650 1325 debeat,
673 1257 832 1312 strenuum
853 1251 1036 1313 bellatorem

36 1328 104 1390 luisse
113 1348 283 1412 nomenque
300 1337 328 1397 ei
345 1338 459 1398 lactum
471 1337 511 1399 ob
527 1335 683 1412 ingentem
700 1333 908 1397 fortitudinem
931 1337 1036 1413 appel·

36 1413 155 1492 latumque
168 1433 242 1480 esse
253 1421 405 1482 Achillem
416 1423 598 1482 Romanum.
642 1421 672 1481 ls
688 1435 847 1497 pugnasse
865 1421 895 1480 in
911 1421 1065 1484 hostemt

35 1495 115 1560 dicitur
129 1509 248 1564 centum
272 1511 304 1565 et
320 1504 427 1581 uiginti
446 1504 587 1582 proeliis,
612 1504 787 1566 cicatricem
806 1519 950 1566 auersam
972 1505 1036 1564 nul-

34 1579 84 1654 lffll,
102 1585 243 1649 aduersas
267 1589 404 1665 quinque
427 1596 458 1651 et
475 1589 678 1666 quadraginta
696 1588 820 1662 tulisse,
844 1588 969 1650 coronis
982 1589 1037 1649 do·

32 1671 96 1727 nans
113 1683 178 1730 esse
196 1671 302 1732 aureis
321 1681 407 1747 octo,
431 1673 616 1736 obsidionali
636 1690 714 1747 una,
735 1673 905 1735 muralibus
927 1671 1036 1745 tribus,

33 1747 107 1811 ciuicis
119 1756 369 1832 quatuordecim,
391 1758 555 1834 torquibus
566 1757 664 1819 tribus
680 1763 710 1818 et
730 1758 896 1832 octoginta,
910 1756 1037 1817 armillis

29 1833 208 1906 poscentum
226 1841 407 1918 sexaginta,
422 1843 520 1904 hastis
532 1841 756 1920 duodeuiginti.
799 1842 935 1902 Phalaris
964 1842 1037 1900 item

30 1915 129 1982 donatus
154 1931 203 1985 est
221 1925 389 2002 quinquies
418 1927 586 2004 uiciesqne.
631 1927 738 2006 Spolia
766 1925 906 1987 militaria
934 1923 1068 1986 habuitt

30 2003 165 2094 multiiuga,
191 2009 223 2070 in
240 2010 289 2071 his
302 2012 523 2088 prouocatoria
533 2013 693 2088 pleraque.
740 2008 952 2087 Triumphauit
970 2017 1068 2069 cumn

28 2091 232 2162 inperatoribus
249 2094 316 2158 suis
327 2095 500 2173 triumphos
512 2113 636 2157 nouem.

486 2265 551 2326 xil.

29 2367 179 2435 Considerata
198 2396 401 2452 perpensaque
420 2381 467 2436 lex
482 2382 622 2453 quaedam
634 2381 763 2450 Solonis,
788 2380 912 2452 speeiem
929 2378 1037 2434 habens

52 2461 184 2528 primorem
205 2465 324 2536 iniquae
345 2464 521 2537 iniustaeque
543 2467 629 2539 legis,
657 2465 708 2521 scd
729 2465 766 2521 ad
789 2481 869 2520 usum
891 2467 918 2518 ct
933 2463 1038 2518 emolu·

53 2552 156 2602 mentum
167 2548 343 2605 salubritatis
357 2551 470 2620 penitus
485 2558 606 2622 reperta.

64 2672 271 2751 inlegibus
295 2676 455 2739 Solonis
476 2677 535 2740 illis
558 2675 793 2752 antiquissimis,
816 2677 1065 2752 quaeAthenisl

26 2751 103 2816 nibus
114 2757 226 2834 ligneis
240 2759 358 2822 incisae
370 2769 444 2823 sunt
455 2778 596 2839 quasque
614 2762 692 2821 latas
708 2761 746 2821 ab
765 2777 803 2820 eo
814 2757 1034 2835 Athenienses

26 2841 45 2892 nt
58 2841 256 2920 sempiternae
279 2853 453 2920 manerent,
473 2845 583 2924 poenis
596 2852 628 2906 ct
644 2843 843 2920 religionibus
857 2853 1034 2919 sanxerunt,

26 2917 94 3010 legen
114 2928 453 2992 csseAristotelcs
472 2932 568 2990 refert
585 2929 731 3006 scriptam
752 2929 791 2988 ad
812 2927 891 2988 hanc
915 2936 1037 2992 senten·

26 3005 85 3068 un:
105 3011 154 3073 ‘Si
172 3013 217 3074 ob
230 3013 420 3076 discordiam
433 3013 724 3089 dissensionemque
742 3011 852 3073 seditio
872 3019 965 3088 atque
976 3014 1036 3075 dis-

26 3091 97 3153 ussio
110 3097 223 3174 populi
240 3096 272 3158 in
291 3099 369 3160 duas
388 3106 494 3175 partes
513 3099 566 3159 fiet
586 3105 617 3158 et
632 3098 672 3158 ob
686 3113 754 3158 cam
769 3111 895 3158 causam
912 3097 1036 3160 irritatis

26 3172 101 3238 annis
117 3181 276 3258 utrimque
288 3199 374 3244 arma
385 3182 546 3261 capientur
562 3180 827 3260 pugnabiturquc,
847 3189 912 3242 tum
934 3182 986 3257 qui
1006 3183 1052 3260 in¹

26 3268 196 3341 intempore
220 3266 255 3326 in
277 3283 379 3343 eoque
402 3283 477 3330 casu
496 3267 594 3328 ciuilis
611 3265 786 3327 discordiae
808 3283 870 3327 non
891 3267 1037 3325 alterutra

26 3349 84 3406 tante
93 3363 162 3410 sese
173 3350 362 3426 adiunxerit,
375 3354 433 3414 scd
444 3351 600 3414 solitarius
613 3356 839 3427 separatusque
852 3367 870 3408 a
883 3348 1037 3410 communi

26 3428 221 3496 concinnatis
236 3437 411 3510 secesserit,
423 3436 563 3509 isdomo,
574 3435 675 3512 patria
685 3433 881 3509 fortunisque
894 3433 1038 3495 omnibus

26 3520 112 3590 tuctu,
133 3521 208 3582 exul
225 3521 421 3596 extorrisque
436 3525 533 3584 esto’.
