2456 3918
163 229 205 290 60
584 231 607 289 l.
624 247 676 289 xv.
693 245 758 288 xvr.

122 401 155 460 17
221 395 460 457 Fauorinum
478 412 536 473 ego
555 394 659 459 audiui
671 397 774 457 dicere
784 411 897 457 uersus
908 391 1189 470 istosEuripidi:

246 486 474 575 Ἀχαλίνων
497 489 732 576 στομάτων,

246 585 418 674 Ἀνόμον
439 586 471 655 τ’
497 586 767 674 ἀφροσύνας,

252 687 308 755 Τὸ
331 688 452 767 τέλος
471 691 690 772 δυστυχία,

165 825 228 869 non
245 808 284 867 de
295 807 342 868 his
354 814 473 869 tantum
485 811 584 868 tactos
596 807 694 884 accipi
707 808 836 882 debere,
861 807 913 884 qui
924 807 1017 883 impia
1029 804 1192 865 autinlicitr

167 892 318 965 dicerent,
342 893 465 974 seduci
484 893 616 953 maxime
634 892 673 951 de
688 892 864 953 hominibus
884 909 1010 967 quoquc
1029 905 1128 965 posse
1145 887 1191 946 dici

166 976 259 1035 stulta
272 982 302 1035 et
313 975 467 1037 inmodica
482 977 716 1049 munerantibus,
742 993 873 1051 quorum
884 976 988 1052 lingua
1001 981 1065 1034 tam
1077 973 1192 1050 prodiga

166 1059 356 1135 infrenisque
379 1060 433 1134 sit,
456 1066 490 1121 ut
507 1060 583 1120 fluat
599 1076 723 1137 semper
739 1068 770 1121 et
790 1067 911 1121 aestuet
933 1057 1123 1121 conluuione
1137 1072 1193 1116 ucr-

166 1143 277 1204 bcrum
299 1145 491 1217 taeterrima,
527 1143 611 1220 quod
634 1160 732 1220 genus
757 1145 898 1205 homines
921 1162 940 1204 a
963 1143 1093 1204 Graecis
1118 1140 1192 1214 signi-

124 1237 158 1292 18
171 1226 370 1288 srcantissimo
383 1230 537 1290 uocabulo
555 1222 821 1307 ’κατάγλωσσον
836 1230 1040 1305 appellantur.
1088 1228 1117 1285 V
1127 1227 1192 1284 alc-

167 1311 261 1370 rium
274 1313 347 1373 Pro
358 1313 456 1385 bum,
480 1311 712 1387 grammaticum
723 1313 898 1386 inlustrem,
922 1330 961 1372 ex
974 1311 1119 1372 familiari
1131 1310 1192 1378 eius,

168 1394 359 1469 doctouiro‚
384 1397 535 1473 comperi,
560 1396 846 1457 Sallustianum
863 1397 955 1458 illud:
987 1397 1099 1458 Satis
1123 1396 1193 1454 elo-

168 1479 371 1553 quentiae,
404 1480 632 1556 sapientiae
654 1497 808 1556 parum,
842 1481 931 1542 breui
954 1489 1126 1556 antequam
1145 1477 1193 1536 uita

168 1561 349 1636 decederet,
384 1563 429 1623 sic
452 1566 555 1639 legere
580 1563 723 1640 coepisse
746 1571 777 1624 et
803 1565 888 1626 sica
923 1565 1130 1626 Sallustio
1159 1577 1194 1619 re·

120 1689 128 1698 .
167 1644 270 1705 lictum
294 1647 516 1710 altirmauisse:
540 1647 640 1708 ‘Satis
664 1649 854 1724 loquendae,
878 1650 1050 1726 sapientiae
1074 1645 1193 1726 parum'.

169 1730 253 1805 quod
285 1732 480 1807 ‘loquentia'
515 1731 659 1791 nouatori
691 1733 857 1794 uerborum
892 1733 1040 1794 Sallustio
1078 1732 1195 1793 maxime

168 1823 374 1890 congrueret,
414 1815 637 1892 ‘eloquentia'
672 1832 741 1876 cum
780 1817 955 1892 insipientia
986 1818 1115 1878 minime
1139 1831 1194 1874 con-

168 1897 296 1960 ueniret.

125 2007 158 2061 19
232 1998 455 2059 Huiuscemodi
477 2004 579 2059 autem
598 1999 815 2074 loquacitatem
831 2002 1068 2079 uerborumque
1090 2001 1195 2062 turbam

168 2082 377 2156 magnitudine
394 2082 476 2141 inani
494 2089 614 2142 uastam
633 2084 838 2146 facetissimus
857 2093 952 2162 poeta
968 2085 1195 2162 Aristopha-

169 2181 188 2223 n
198 2180 238 2225 cs
259 2165 432 2240 insignibus
444 2166 604 2227 uocabulis
617 2167 776 2228 denotauit
788 2169 818 2228 in
831 2169 879 2230 his
891 2170 1055 2233 uersibus:

200 2253 445 2344 Ἄνθρωπον
468 2256 729 2345 ἄνριοποιόν,
756 2257 1117 2349 αὐθαδόστομον,

199 2353 590 2443 ’Έχοντὀἰχάλινον,
616 2357 806 2445 deputas,
824 2358 1048 2430 ἀπύλωτον
1064 2361 1196 2446 στόμα,

205 2456 547 2546 Ἁπεριλάλητον,
571 2461 1084 2548 κομποφακελορρήμονα,

124 2583 158 2638 20
170 2596 271 2656 neque
293 2576 394 2639 minus
412 2577 572 2652 insigniter
583 2584 705 2638 ueteres
719 2595 844 2654 quoque
857 2581 956 2641 nostri
968 2583 1030 2644 hoc
1046 2598 1146 2658 genus
1157 2580 1199 2637 ho-

167 2667 281 2736 mines,
305 2663 335 2722 in
354 2663 450 2722 uerba
467 2662 635 2738 proiectos
656 2663 877 2725 ‘locutuleios'
899 2672 929 2724 et
949 2667 1199 2727 ‘blaterones’ct

167 2747 364 2826 ‘linguaces'
376 2745 529 2807 dixerunt.

644 2949 725 3010 XVl.

166 3085 248 3154 Quod
272 3086 358 3140 uerba
375 3083 463 3140 istaec
477 3083 644 3154 Quadrigari
663 3101 697 3138 ex
717 3085 810 3139 annali
829 3085 927 3139 terlio:
952 3085 1002 3142 ibi
1025 3089 1127 3144 mille
1148 3088 1199 3142 ho-

209 3172 340 3225 minum
352 3169 556 3234 occiditur,
579 3183 636 3222 non
648 3168 776 3236 licenter,
790 3185 881 3241 neque
895 3168 929 3224 de
941 3177 1094 3242 poetarum
1109 3173 1199 3244 figura,

209 3254 260 3310 sed
271 3255 378 3309 ratione
391 3260 468 3308 certa
480 3257 507 3308 ct
517 3253 606 3323 proba
619 3253 818 3323 grammaticae
831 3253 999 3325 disciplinae
1012 3257 1091 3314 dicta
1104 3264 1174 3313 sunt.

143 3415 154 3466 1
232 3399 519 3476 Quadrigarius
551 3399 589 3458 in
624 3400 743 3461 tertio
778 3403 975 3464 annalium
999 3406 1043 3466 ita
1066 3405 1198 3482 scripsit:

166 3482 223 3544 Ibi
262 3483 464 3544 occiditur
502 3481 610 3542 mille
643 3483 845 3545 hominurn.
902 3488 1133 3564 Occiditur,
1166 3491 1199 3549 in·
