2456 3918
170 207 213 272 80
645 207 682 266 ll.
706 223 748 266 vu
814 171 818 181 ¹

170 383 276 451 uacat,
298 376 325 438 is
343 374 557 438 ‘inlaudatus’
576 381 626 436 est
644 374 736 452 isque
757 373 893 437 omnium
914 372 1069 450 pessimus
1092 375 1196 434 deterri·

171 479 305 538 musque
317 468 381 535 est,
404 460 496 524 sicuti
506 459 607 522 omnis
620 462 730 537 culpae
744 457 877 536 priuatio
890 457 1112 535 ‘inculpatum'
1132 459 1195 518 lacit.

172 548 390 623 ‘inculpatus'
413 552 516 608 autem
533 545 631 606 instar
648 552 698 606 est
719 545 881 606 absolutae
905 541 1044 617 uirtutis3
1066 543 1196 604 ‘inlauda-

129 631 158 684 ll
169 635 237 692 tus’
255 647 382 707 quoque
398 629 491 706 igitur
507 629 577 691 finis
594 638 643 691 est
659 635 816 690 extremae
831 626 975 688 malitiae.
1018 630 1124 706 ltaque
1142 630 1197 688 Ho-

171 733 297 776 merus
312 733 375 777 non
386 714 549 776 uirtutibus
563 715 767 792 appellandis,
781 714 839 774 sed
849 712 932 774 uitiis
946 713 1141 775 detrahendis
1151 714 1197 772 lau-

171 801 247 861 dare
259 800 401 878 ampliter
413 802 504 862 solet.
529 799 765 861 Hocenimest:

218 907 282 976 Tol
306 914 346 977 δ’
371 909 447 978 οὐκ
470 907 618 979 ἄκοντε
640 914 867 997 πετέσθην,

171 1047 286 1110 etitem
297 1047 389 1110 illud:

207 1153 320 1224 Ἔνθ’
364 1154 440 1224 οὐκ
478 1151 533 1223 ἄν
573 1159 767 1242 βρίζοντα
804 1152 1200 1308 ἴδοὲςῖἈηαμέμνονο

926 1265 993 1326 ον,

216 1337 326 1407 Οὐδὲ
370 1334 722 1423 καταπτώσσοντ’,
766 1334 862 1406 οὐδ’
904 1334 981 1407 οὐκ
1020 1339 1200 1407 ἐθέλοντα

880 1421 1094 1510 μάχεσθαι.

128 1567 362 1643 nupicurus
386 1582 514 1643 quoque
531 1565 622 1626 simili
639 1567 734 1627 modo
756 1565 921 1626 maximam
945 1566 1137 1642 uoluptatem
1158 1561 1202 1638 pri-

170 1653 329 1714 uationem
342 1651 629 1728 detractionemque
642 1650 742 1712 omnis
755 1651 873 1712 doloris
889 1649 1028 1712 definiuit
1039 1649 1089 1710 his
1100 1646 1201 1708 uerbis:

164 1727 281 1816 Ὅρος
310 1735 415 1809 [τοῦ
441 1729 645 1816 μεγέθους
667 1734 746 1797 τῶν
776 1727 958 1817 ἡδονῶν,
993 1727 1014 1815 ἡ
1044 1723 1210 1816 παντὸς]

131 1820 245 1887 latori
274 1809 508 1899 ἀλγοῦντος
535 1812 809 1899 ὑπεξαίρεσις.
855 1821 973 1882 Eadem
996 1819 1118 1881 ratione
1138 1817 1203 1877 iden

130 1904 372 1982 ravergilius
392 1904 623 1968 ‘inamabilem’
644 1905 720 1967 dixit
735 1905 876 1984 Stygiam
892 1905 1048 1982 paludem.
1082 1904 1157 1964 Nam
1177 1901 1205 1961 si-

172 1997 225 2052 cut
237 1991 462 2052 ‘inlaudatam’
476 1983 576 2052 κατὰ
593 1987 787 2071 στέρησιν
805 1989 922 2064 laudis,
943 1990 986 2051 ita
999 1989 1209 2051 inamabilem?

129 2066 401 2140 recordandis
421 2071 618 2155 στέρησιν
635 2077 808 2137 detestatus
826 2082 884 2137 est.
928 2077 1036 2136 Altero
1051 2075 1147 2136 modo
1159 2071 1206 2130 ‘in-

130 2159 331 2223 1olaudatus’
344 2159 386 2220 ita
398 2159 591 2220 defenditur:
630 2161 810 2221 ‘Laudare'
824 2159 979 2236 significat
995 2159 1102 2236 prisca
1119 2158 1206 2232 lingua

172 2243 333 2306 nominare
355 2245 586 2320 appellareque.
632 2243 683 2306 Sic
698 2245 729 2306 in
747 2244 922 2307 actionibus
944 2243 1089 2306 ciuilibus
1113 2241 1208 2303 auctor

130 2327 326 2392 ll‘laudari’
341 2329 461 2403 dicitur,
475 2329 560 2405 quod
572 2329 793 2391 estnominari.
837 2332 867 2391 ls
885 2330 1100 2391 ‘inlaudatus’
1120 2291 1208 2389 autent

173 2420 235 2486 est,
261 2411 351 2489 quasi
372 2413 583 2488 inlaudabilis,
613 2413 665 2491 qui
687 2431 790 2492 neque
813 2416 971 2478 mentione
993 2420 1047 2476 aut
1070 2409 1207 2475 memoria

129 2499 233 2562 mulla
245 2498 357 2574 dignus
370 2515 472 2575 neque
484 2516 632 2576 umquam
643 2500 851 2562 nominandus
865 2508 929 2562 est:
952 2499 1042 2562 sicuti
1060 2499 1201 2576 quondan

172 2601 190 2642 a
202 2581 358 2644 communi
372 2583 503 2646 consilio
515 2584 611 2646 Asiae
624 2586 783 2646 decretum
794 2592 856 2658 est,
877 2585 921 2647 uti
934 2601 1048 2648 nomen
1061 2583 1148 2656 eius,
1169 2599 1202 2656 qu

170 2669 319 2744 templum
331 2668 448 2729 Dianae
459 2669 576 2745 Ephesi
592 2669 791 2744 incenderat,
812 2687 852 2730 ne
871 2670 940 2747 quis
957 2670 1020 2731 ullo
1034 2669 1206 2744 intempore

170 2752 354 2814 nominaret.

129 2845 163 2900 19
234 2837 367 2898 Tertium
381 2845 479 2900 restat
491 2856 531 2900 ex
540 2839 582 2912 is,
607 2856 687 2915 quae
699 2839 891 2917 reprehensa
904 2846 990 2912 sunt,
1014 2839 1103 2916 quod
1121 2833 1205 2900 tuni]

127 2931 249 2984 locam
279 2925 521 2998 squalentem
548 2941 639 2986 auro
672 2924 757 2986 dixit.
803 2924 838 2984 ld
864 2932 967 2986 autem
992 2922 1150 3000 significat
1171 2917 1205 2981 col

170 3005 252 3082 piam
275 3006 523 3086 densitatemque
550 3007 618 3070 auri
644 3008 675 3069 in
704 3025 904 3086 squamarum
932 3011 1070 3086 speciem
1098 2979 1205 3070 intexti

171 3090 359 3168 ‘Squalere’
377 3091 458 3154 enim
475 3093 590 3156 dictum
609 3111 628 3155 a
644 3111 845 3171 squamarum
861 3095 1025 3157 crebritate
1037 3089 1204 3172 asperitate

126 3186 160 3238 21
169 3192 245 3251 que,
269 3177 396 3253 quaein
414 3179 604 3256 serpentium
621 3177 795 3257 pisciumue
815 3179 908 3242 coriis
921 3179 1073 3243 uisuntur.
1123 3181 1204 3270 Quaq

169 3277 236 3321 rem
258 3268 290 3323 et
312 3260 376 3336 alii,
396 3271 438 3328 ,et
465 3263 525 3324 hic
554 3264 679 3341 quidem
706 3272 823 3342 poeta
844 3265 923 3328 locis
947 3265 1065 3344 aliquot
1090 3265 1186 3325 demo

170 3351 262 3406 strat:

640 3435 753 3510 Quem
776 3434 915 3511 pellis,
938 3434 1051 3514 inquit,
1075 3435 1182 3495 ahen

213 3513 252 3571 In
273 3515 436 3588 plumam
459 3517 630 3594 squamis
654 3536 746 3582 auro
770 3526 957 3582 conserta
978 3519 1158 3596 tegebat,
