2490 3926
325 241 435 296 INDEX
464 239 732 298 CAPITVLORVM.
1009 239 1050 303 21

99 408 202 463 XXVll.
223 409 346 464 Historia
365 408 401 463 de
417 411 522 481 populo
535 407 662 465 Romano
682 408 775 482 deque
794 411 899 483 populo
916 411 1049 480 Poenico,

37 492 92 564 quod
103 494 157 564 pari
169 493 371 565 propemodum
382 494 481 564 uigore
494 494 595 548 luerint
610 495 724 550 aemuli.

96 576 209 636 XXVlll.
237 577 278 632 De
297 585 419 634 actatum
436 577 537 633 finibus
560 575 713 649 pueritiae,
735 580 883 647 iuuentae,
907 585 1049 648 senectae,

35 678 60 714 er
70 661 207 718 Tuberonis
219 662 339 717 historia
351 667 501 732 sumptum.

97 746 222 802 XXVIIII.
246 747 329 814 Quod
345 747 484 818 particula
503 752 585 818 atque
610 763 665 800 non
685 746 865 818 complexiua
883 753 990 803 tantum
1006 747 1050 816 sit,

35 829 72 884 scd
82 833 129 885 uim
138 830 240 888 habeat
253 833 412 902 plusculam
425 831 599 900 uariamque.

251 964 446 1026 CAPITVLA
473 963 576 1024 LIBRI
603 963 804 1026 VNDECIMI.

94 1079 112 1133 l.
133 1080 171 1136 De
188 1082 299 1154 origine
316 1080 446 1136 uocabuli
458 1079 677 1149 terraeltaliae;
697 1080 789 1153 deque
807 1099 842 1136 ea
859 1082 961 1149 multa,
975 1097 1050 1153 quae

35 1181 137 1234 suprema
148 1168 314 1237 appellatur,
323 1164 415 1236 deque
429 1165 489 1219 eius
501 1165 621 1221 nominis
633 1165 742 1222 ratione
755 1181 787 1221 ac
797 1165 833 1222 de
845 1168 909 1238 lege
919 1165 1049 1233 Aternia3

35 1251 142 1319 atquibus
154 1253 247 1306 uerbis
262 1250 413 1320 antiquitus
428 1249 515 1304 multa
526 1249 641 1306 minima
654 1248 709 1305 dici
723 1251 806 1306 solita
818 1251 864 1306 sit.

94 1333 121 1391 ll.
142 1334 220 1404 Quod
236 1334 379 1406 elegantia
392 1332 468 1405 apud
482 1334 654 1405 antiquiores
667 1350 723 1390 non
740 1335 776 1390 de
790 1336 952 1391 amoeniore
970 1337 1050 1407 inge-

35 1418 76 1483 nio,
95 1419 139 1473 sed
149 1420 183 1475 de
199 1419 333 1476 nitidiore
351 1419 426 1473 cultu
444 1423 527 1489 atque
549 1419 624 1474 uictu
642 1419 802 1488 dicebatur,
826 1435 916 1491 caque
934 1419 963 1475 iu
981 1421 1049 1477 uilio

34 1505 166 1570 ponebatur.

94 1587 132 1642 lll.
157 1590 254 1658 Qualis
282 1593 441 1660 quantaque
471 1587 506 1642 sit
533 1602 584 1658 pro
607 1589 764 1659 particulae
788 1588 928 1655 uarietas3
956 1587 1048 1659 deque

35 1673 139 1742 exemplis
151 1676 211 1730 eius
223 1673 381 1730 uarietatis.

92 1757 141 1812 llll.
166 1760 257 1827 Quem
280 1758 308 1812 in
330 1754 444 1812 modum
473 1755 506 1825 Q.
525 1755 633 1813 Ennius
656 1772 757 1811 uersus
775 1756 901 1828 Euripidi
927 1758 1050 1812 aemula-

35 1843 62 1892 tus
79 1842 116 1895 sit.

92 1926 122 1980 V.
149 1927 189 1983 De
211 1926 349 2001 Pyrronis
371 1924 549 1997 philosophis
576 1923 717 1995 quaedam
746 1923 838 1995 deque
866 1924 1049 1982 Academicis

35 2008 119 2064 strictim
129 2019 240 2081 notata;
264 2011 357 2082 deque
370 2012 441 2065 inter
453 2026 503 2065 eos
515 2008 687 2066 differentia.

92 2095 133 2148 Vl.
154 2096 237 2165 Quod
256 2096 389 2150 mulieres
401 2092 509 2150 Romae
524 2110 576 2166 per
587 2094 737 2149 Herculem
758 2108 813 2147 non
832 2093 986 2148 iurauerint
1003 2109 1051 2148 ne-

36 2189 71 2241 que
81 2179 123 2234 uiri
133 2197 182 2251 per
194 2180 353 2238 Castorem.

92 2263 143 2318 Vll.
163 2266 268 2322 Verbis
287 2263 488 2335 antiquissimis
510 2264 672 2336 relictisque
695 2264 752 2318 iam
771 2267 798 2317 et
816 2261 915 2317 desitis
935 2262 1049 2317 minime

36 2345 146 2402 utendrun.

93 2431 157 2487 Vlll.
179 2432 257 2502 Quid
268 2433 389 2488 senserit
401 2431 559 2503 dixeritque
578 2433 617 2486 M.
631 2430 697 2488 Cato
717 2430 753 2485 de
765 2431 882 2498 Albino,
904 2432 950 2502 qui
965 2431 1048 2486 homo

37 2506 145 2572 Romanus
158 2517 269 2575 Graeca
286 2517 414 2573 oratione
431 2532 478 2571 res
490 2515 651 2584 Romanas,
673 2516 759 2570 uenia
782 2516 834 2570 sibi
851 2522 914 2572 ante
929 2516 988 2571 eius
1002 2517 1051 2570 im·

37 2597 123 2660 peritiae
133 2604 233 2672 petita,
247 2601 414 2673 composuit.

94 2683 169 2740 Vllll.
195 2686 322 2742 Historia
343 2684 378 2740 de
396 2684 498 2756 legatis
510 2684 622 2741 Milesia
641 2685 699 2754 [ac]
720 2683 909 2739 Demosthene
928 2683 1049 2751 rhetore,

39 2757 55 2812 iu
64 2764 123 2820 libris
135 2767 246 2827 Critolai
257 2773 377 2842 reperta.
1047 2743 1068 2802 ⁸

94 2849 124 2905 X·
145 2853 227 2922 Quod
249 2853 279 2910 G.
293 2852 436 2910 Gracchus
455 2853 621 2909 inorationc
645 2869 698 2909 sua
715 2852 863 2907 historiam
880 2867 965 2922 supra
984 2851 1051 2906 scri·

39 2935 90 2994 llam
98 2933 208 2994 Demadi
219 2939 342 3006 rhetori,
355 2953 411 2993 non
422 2936 619 3007 Demostheni,
633 2937 780 3004 adtribuit;
803 2938 946 3007 uerbaque
960 2936 1050 3006 ipsius

41 3008 168 3077 bonomi
186 3024 289 3080 relata.

97 3102 137 3158 Xl.
156 3108 252 3164 Verba
263 3110 297 3164 P.
308 3106 429 3180 Nigidii,
454 3108 554 3178 quibus
572 3107 688 3163 differre
708 3106 774 3162 dicit
791 3106 902 3161 mentiri
925 3109 952 3159 et
975 3120 1050 3158 men-

42 3177 122 3242 dacium
136 3189 237 3250 dicerc.

98 3271 150 3329 XII.
172 3276 253 3345 Quod
265 3276 442 3349 Chrysippus
454 3275 640 3348 philosophus
659 3292 741 3330 ornnc
755 3278 871 3330 uerbum
890 3273 1050 3343 ambiguum

43 3346 176 3429 dubiumque
190 3379 253 3417 esse
271 3361 353 3430 dicit,
371 3360 510 3417 Diodorus
523 3365 621 3416 contra
638 3362 743 3415 nullum
754 3362 871 3415 uerbum
890 3357 1051 3428 ambiguum

44 3447 88 3491 csse
98 3447 176 3510 putat.

100 3522 162 3585 XIII.
183 3529 255 3600 Quid
272 3530 351 3587 Titus
364 3529 516 3587 Castricius
540 3529 576 3586 de
600 3530 694 3585 uerbis
713 3528 805 3598 deque
827 3527 967 3582 sententia
985 3541 1056 3596 qua-
