2456 3918
189 219 230 282 82
649 219 685 277 ll.
708 232 763 275 vu.

189 385 288 463 primo
302 384 333 445 in
350 386 419 445 loco
438 383 586 456 diximus,
611 401 686 445 uera
702 391 733 444 θῖ
749 384 850 460 proba
867 383 965 444 uideri
982 389 1098 459 potest,
1120 383 1202 444 omnia

151 477 274 542 llesse,
300 485 378 544 quae
395 476 484 544 pater
499 469 639 542 iusserit,
662 469 843 544 parendum.
889 466 968 543 Quid
991 467 1087 528 enirn?
1110 467 1136 527 si
1153 485 1202 544 pro-

191 552 339 614 ditionem
349 551 480 627 patriae,
496 552 523 612 si
535 552 641 612 matris
653 567 775 625 necem,
789 552 816 612 si
830 552 890 612 alia
902 553 1054 627 quaedam
1065 550 1203 627 imperabit

149 637 289 713 taturpia
310 643 363 696 aut
385 636 500 712 impia?
522 635 623 696 llledia
637 635 728 710 igitur
745 637 898 696 sententia
910 635 1025 712 optima
1036 642 1124 710 atque
1136 636 1202 696 tutis·

191 721 267 782 sima
277 720 346 780 uisa
359 725 420 793 est,
445 720 597 794 quaedam
623 735 694 780 esse
713 721 899 795 parendum,
927 720 1077 795 quaedam
1096 721 1203 781 nonob-

150 804 393 880 13sequendum.
439 803 503 864 Sed
515 820 553 865 ea
563 811 675 876 tamen,
690 821 770 878 quae
783 804 914 879 obsequi
926 821 988 864 non
1001 809 1134 879 oportet,
1153 805 1204 864 leni-

189 896 237 949 ter
243 895 274 948 et
284 888 462 948 uerecunde
474 904 510 947 ae
523 887 589 948 sine
597 888 802 948 detestatione
815 889 907 948 nimia
918 887 1047 963 sineque
1059 889 1203 966 obprobra·

189 973 274 1033 tione
285 972 396 1032 acerba
408 971 658 1048 reprehensionis
673 971 978 1033 declinandasensinr
991 984 1022 1032 et
1028 972 1205 1048 relinquenda

190 1072 262 1117 esse
277 1055 396 1129 dicunt,
412 1072 503 1130 quarn
516 1056 702 1132 respuenda.

149 1149 182 1202 14
251 1140 413 1202 Conclusio
431 1156 507 1200 uero
524 1140 589 1213 illa,
617 1157 678 1215 qua
694 1139 863 1216 colligitur,
889 1140 979 1201 sicuti
1000 1156 1093 1216 supra
1110 1140 1206 1200 dictun

190 1231 252 1297 est,
269 1223 341 1284 nihil
353 1223 432 1301 patri
443 1226 628 1300 parendum,
646 1224 817 1300 inperfecta
833 1232 882 1285 θεῖ
898 1225 1086 1300 refutarique
1103 1241 1139 1284 ac
1153 1223 1205 1284 dilui

149 1321 180 1371 15
188 1308 233 1370 sic
244 1314 363 1384 potest:
393 1307 515 1382 Omnia,
533 1325 612 1384 quae
624 1307 654 1369 in
666 1310 759 1370 rebus
775 1308 917 1369 humanis
929 1310 1020 1381 fiunt,
1039 1309 1126 1368 itaut
1143 1307 1207 1369 dortl

148 1400 390 1466 recensuerunt,
413 1399 466 1452 aut
482 1392 885 1469 honestasuntautturpia.
932 1394 1016 1467 Quae
1033 1409 1090 1453 sua
1100 1392 1132 1452 ui
1143 1400 1207 1451 recta

190 1477 385 1537 authonesta
397 1481 482 1549 sunt,
494 1483 528 1536 ut
543 1477 635 1536 fidem
647 1479 759 1550 colere,
772 1477 902 1552 patriam
915 1478 1143 1549 detendere,ut
1155 1477 1207 1536 anl-

190 1577 244 1620 cos
258 1560 399 1634 diligere,
414 1577 451 1620 ea
465 1560 531 1620 fieri
543 1568 681 1636 oportet,
697 1560 764 1622 siue
775 1561 906 1636 imperet
917 1569 1007 1637 pater
1019 1560 1087 1621 siue
1099 1578 1160 1621 non
1171 1562 1209 1619 in·

147 1653 180 1708 17
186 1651 283 1720 peret.
309 1644 371 1704 Sed
384 1661 463 1720 quae
479 1645 526 1704 his
540 1645 694 1706 contraria
705 1661 848 1722 quaeque
859 1645 969 1722 turpia,
985 1644 1109 1706 omnino
1123 1645 1208 1720 iniqua

146 1738 180 1791 18
187 1735 274 1801 sunt,
299 1745 336 1789 ea
353 1745 392 1787 ne
411 1729 437 1788 si
448 1728 579 1805 imperet
591 1729 724 1805 quidem.
770 1730 854 1805 Quae
864 1745 940 1790 uero
953 1729 984 1788 in
998 1729 1101 1789 medio
1115 1737 1211 1790 suntet

188 1813 342 1874 aGraecis
355 1819 419 1873 turn
430 1811 549 1892 ‘pa'ou’,
562 1819 625 1874 tum
639 1804 842 1892 ‘cidarirpoou'
855 1815 1065 1890 appellantur,
1087 1814 1161 1874 utin
1172 1813 1210 1872 rni-

187 1897 281 1958 litiam
292 1897 350 1968 ire,
369 1915 422 1959 rus
437 1900 553 1970 colere,
572 1899 708 1958 honores
721 1914 901 1974 capessere,
926 1914 1038 1958 causas
1050 1898 1212 1968 defendere,

187 1999 318 2043 uxorem
342 1981 471 2055 ducere,
495 1989 529 2042 ut
544 1981 663 2044 iussum
676 1981 849 2058 proficisci,
866 1988 901 2043 ut
912 1982 1100 2044 accersitum
1111 1982 1212 2052 uenire,

189 2066 334 2142 quoniam
347 2065 465 2125 ethaeo
477 2071 508 2126 et
519 2064 567 2127 his
579 2065 754 2142 similiaper
765 2083 800 2127 se
811 2067 880 2143 ipsa
891 2084 993 2143 neque
1004 2067 1140 2129 honesta
1157 2083 1203 2126 sun

188 2167 290 2226 neque
302 2149 418 2224 turpia,
432 2150 497 2220 sed,
510 2149 641 2224 proinde
651 2157 686 2211 ut
696 2168 715 2211 a
725 2150 815 2212 nobis
827 2158 974 2227 aguntur,
989 2151 1032 2212 ita
1043 2150 1124 2228 ipsis
1137 2151 1205 2212 aetio

188 2234 278 2295 nibus
302 2240 355 2294 aut
369 2234 532 2310 probanda
547 2234 625 2294 fiunt
640 2242 693 2295 aut
709 2236 979 2310 reprehendenda:
1004 2244 1173 2313 propterea
1192 2234 1200 2292 i

188 2317 342 2380 eiusmodi
354 2318 489 2378 omniurn
501 2334 604 2378 rerum
614 2318 778 2394 generibus
791 2319 870 2396 patri
882 2321 1056 2396 parendum
1070 2338 1143 2381 esse
1159 2335 1207 2379 een

188 2410 272 2474 sent,
294 2403 390 2463 ueluti
404 2403 430 2464 si
439 2419 570 2465 uxorem
581 2403 694 2463 ducere
707 2403 837 2480 imperet
848 2411 901 2464 aut
912 2421 1024 2466 causas
1036 2421 1097 2481 pro
1112 2405 1171 2464 reis
1184 2403 1208 2460 di

145 2494 266 2547 lteere.
312 2488 402 2562 Quod
421 2487 501 2548 enirn
517 2493 682 2562 utrumque
700 2487 730 2546 in
748 2504 862 2562 genere
879 2488 948 2565 ipso
966 2505 1023 2565 per
1040 2506 1116 2550 sese
1128 2504 1213 2562 nequ

186 2571 351 2632 honestum
367 2588 469 2648 neque
490 2578 581 2647 turpe
597 2577 660 2644 est,
683 2570 813 2642 ideireo,
839 2571 865 2632 si
887 2579 976 2649 pater
992 2573 1116 2645 iubeat,
1140 2573 1211 2633 obse

143 2661 178 2713 20
185 2657 341 2728 quendum
354 2664 411 2716 est.
439 2656 502 2716 Sed
516 2656 595 2714 enirn
607 2654 633 2716 si
644 2654 789 2731 imperet,
800 2673 932 2718 uxorem
944 2658 1060 2719 ducere
1073 2658 1211 2717 infamem

186 2740 419 2816 propudiosam,
434 2739 629 2801 criminosam
641 2745 694 2800 aut
703 2757 761 2816 pro
775 2756 828 2801 reo
843 2741 969 2802 Catilina
983 2741 1091 2817 aliquo
1110 2748 1162 2802 aut
1173 2741 1205 2798 Tr

185 2821 257 2884 bulo
282 2833 336 2886 aut
350 2825 382 2884 Ρ.
402 2824 508 2886 Clodio
532 2840 657 2885 causam
676 2824 794 2898 dicere,
817 2842 879 2886 non
905 2825 1023 2887 seilicet
1044 2825 1189 2902 parendu

187 2909 331 2980 quoniam
343 2909 512 2969 accedente
522 2908 625 2984 aliquo
636 2908 832 2985 turpitudinis
848 2927 976 2973 numero
989 2910 1142 2971 desinunt
1157 2924 1207 2967 ess

145 2997 176 3050 21
181 3007 239 3065 per
251 3010 323 3056 sese
334 2993 411 3054 haec
425 2994 526 3055 media
544 3001 637 3069 atque
654 2993 870 3055 indifferentia.
914 2996 982 3059 Non
1005 3012 1084 3071 ergo
1108 2994 1208 3067 integr

186 3083 235 3136 est
246 3075 418 3156 propositio
433 3078 597 3139 dicentium
610 3084 676 3138 ‘aut
686 3079 819 3140 honesta
830 3086 915 3153 sunt,
935 3096 1016 3155 quae
1026 3079 1164 3156 imperat
1178 3093 1197 3151 p
1212 3108 1213 3111 ¹

142 3154 1203 3243 tlter,autturpia’‚nequedyrdqetvo'ptpoadregevyps'vo

184 3243 284 3307 uideri
305 3255 420 3324 potest.
464 3249 559 3308 Deest
574 3247 653 3307 enim
671 3247 851 3311 diiunctioni
870 3247 921 3310 isti
940 3247 1082 3310 tertium:
1110 3253 1211 3319 ‘nequ

184 3330 316 3392 honesta
328 3329 651 3407 suntnequeturpia’.
686 3332 814 3407 Quodsi
829 3332 966 3407 additur,
990 3350 1055 3396 non
1066 3327 1213 3410 potesti

186 3415 341 3475 concludi:
363 3422 546 3491 ‘numquam
558 3422 606 3478 est
621 3415 712 3492 igitur
722 3417 802 3494 patri
813 3418 1015 3496 parendum’.
