2456 3918
503 234 539 292 ΙΙ.
564 249 606 292 vr.
1037 239 1079 304 79

47 411 189 479 tamquam
222 399 250 461 si
280 418 343 463 non
376 400 559 462 conuenerit
587 401 692 462 dicere
725 408 819 464 ‘auro
852 407 1076 483 squalentem’,

47 487 179 564 quoniam
204 485 357 548 nitoribus
380 485 664 562 splendoribusque
686 486 753 548 auri
770 490 925 564 squaloris
944 490 1076 556 inluuies

45 573 79 634 sit
95 571 252 635 contraria.

99 657 159 718 Sed
175 658 214 716 de
243 655 341 716 uerbo
369 671 544 716 uexasse
570 655 613 716 ita
633 657 820 733 responderi
841 675 939 736 posse
967 663 1107 725 eredozs

41 746 205 802 Vexasse
221 755 318 816 graue
331 740 461 801 uerbum
474 747 531 813 est,
544 742 721 818 tactumque
735 743 773 803 ab
791 759 828 804 eo
844 743 977 819 uidetur,
991 746 1078 822 quod

41 835 85 888 θεῖ
99 825 246 898 idebera,
264 825 295 885 in
308 841 370 900 quo
383 823 466 886 inest
480 825 755 902 uisiamquaedam
762 825 853 888 aliem
865 828 996 903 arbitrii3
1013 847 1077 892 non

40 912 116 972 enim
132 910 177 972 sui
192 915 307 986 potens
324 915 381 983 ost,
400 909 452 985 qui
467 909 601 972 uehitur.
642 912 790 972 ‘Vexare’
806 919 919 988 auten,
939 915 1025 990 quod
1037 931 1076 976 ex

39 1015 72 1058 eo
90 995 267 1056 inclinatum
290 1001 355 1067 est,
377 993 410 1054 ui
435 1001 528 1071 atque
544 1002 631 1058 motu
646 997 758 1071 procul
775 995 869 1059 dubio
896 998 1072 1061 uastiorest

37 1084 107 1142 Nom
121 1079 171 1156 qui
185 1081 282 1140 lertur
299 1085 330 1139 et
343 1087 488 1154 rapsatur
504 1086 598 1156 atque
609 1080 670 1141 huc
686 1086 781 1157 atque
796 1081 868 1143 illuc
886 1082 1074 1158 distrahitur,

38 1171 62 1227 is
80 1163 184 1226 uexari
194 1163 323 1240 proprie
336 1162 456 1237 dicitur,
470 1164 560 1226 sicuti
573 1169 706 1225 ‘taxare’
717 1165 859 1241 pressius
873 1167 1076 1244 crebriusque

38 1259 81 1312 θεῖ
96 1267 187 1326 quam
205 1252 378 1324 ‘tangere’‚
404 1251 488 1310 unde
499 1249 531 1310 id
542 1252 652 1326 procul
663 1250 757 1311 dubio
769 1249 948 1313 inclinatum
961 1259 1021 1324 est,
1046 1259 1077 1313 et

37 1336 180 1396 ‘iactare’
199 1336 295 1396 multo
314 1333 414 1395 fusius
435 1335 613 1410 largiusque
631 1341 680 1396 est
696 1352 789 1411 quam
811 1335 964 1410 ‘iacere’‚
990 1338 1075 1398 unde

35 1421 63 1480 id
81 1420 210 1481 uerbum
232 1419 408 1480 traductum
434 1427 496 1492 est,
518 1427 549 1480 et
574 1423 764 1496 ‘quassare’
793 1437 884 1497 quam
908 1424 1074 1497 ‘quatere'

35 1503 153 1580 grauius
180 1503 419 1580 ulolentiusque.
469 1506 538 1565 Non
565 1503 673 1580 igitur,
701 1505 773 1581 quia
793 1507 887 1582 uulgo
915 1505 975 1568 dici
995 1506 1104 1568 soleto

36 1597 195 1652 ‘uexatum
207 1592 296 1650 esse’
319 1606 410 1666 quem
426 1590 510 1652 lurno
526 1596 580 1650 aut
592 1596 686 1651 uento
699 1597 752 1651 aut
768 1593 909 1668 puluere,
932 1597 1075 1669 propter·

34 1693 67 1736 ea
83 1677 176 1736 debet
194 1674 245 1736 uis
262 1690 338 1736 uera
354 1681 448 1751 atque
468 1681 578 1736 natura
594 1674 682 1736 uerbi
702 1675 859 1752 deperire,
881 1692 962 1751 quae
984 1693 1003 1736 a
1022 1692 1074 1736 ue

34 1760 156 1835 teribus,
183 1759 236 1835 qui
246 1758 373 1836 proprie
387 1767 481 1837 atque
493 1759 614 1836 signate
625 1759 719 1822 locuti
732 1767 819 1834 sunt,
842 1759 884 1822 ita
905 1767 940 1821 ut
962 1761 1073 1834 decuit,

34 1852 215 1908 conseruata
230 1851 288 1906 est.

95 1933 136 1992 M.
166 1929 323 1992 Catonis
350 1930 449 1994 uerba
479 1937 552 1992 sunt
577 1947 626 1990 ex
660 1929 859 2002 oratione,
895 1947 988 2005 quam
1023 1931 1101 1990 dei

30 2016 192 2077 Achaeis
219 2014 363 2092 scripsit:
407 2017 570 2092 Cumque
601 2014 794 2076 Hannibal
825 2021 968 2076 terram
1001 2016 1074 2076 lta-

30 2099 108 2161 liam
134 2103 335 2162 laceraret
356 2108 474 2177 atque
493 2107 671 2174 uexaret3
693 2101 876 2161 <uexatam'
892 2098 1010 2161 Italiam
1030 2098 1073 2159 di-

29 2184 66 2244 xit
77 2187 167 2249 Cato
186 2187 226 2246 ab
238 2185 426 2259 Hannibale,
450 2186 574 2262 quando
587 2186 704 2247 nullum
717 2183 898 2246 calamitatis
911 2192 964 2246 aut
976 2183 1074 2248 saeui·

29 2269 80 2330 tiae
97 2277 153 2332 aut
171 2270 370 2332 immanitatis
382 2287 483 2347 genus
500 2269 630 2346 reperiri
647 2277 754 2347 queat,
778 2270 865 2346 quod
886 2269 916 2331 in
938 2287 976 2332 eo
999 2278 1073 2331 tem·

27 2355 509 2432 poreltalianonperpessasit3
532 2356 573 2416 Μ.
594 2355 717 2416 Tullii
739 2356 781 2415 in
804 2355 883 2414 llll.
910 2355 951 2415 in
974 2357 1102 2420 Ver-8

27 2455 112 2502 rom:
151 2443 258 2516 Quae
292 2441 341 2502 ab
374 2440 450 2503 isto
482 2439 538 2502 sic
572 2440 750 2517 spoliata.
773 2444 890 2514 atque
920 2440 1074 2516 direpta

26 2535 94 2599 est,
131 2544 234 2598 non,
269 2531 315 2587 ut
346 2527 395 2586 ab
428 2525 543 2588 hoste
575 2524 728 2602 aliquo,
770 2524 836 2600 qui
870 2531 997 2585 tamen
1031 2524 1072 2583 in

25 2607 118 2674 bello
150 2610 386 2687 religionem
414 2617 456 2670 ct
484 2609 784 2672 consuetudinis
815 2607 900 2669 iura
927 2608 1072 2670 retine·-

25 2703 93 2767 ret,
125 2697 200 2757 scd
228 2702 273 2756 ut
293 2713 312 2756 a
334 2695 511 2756 barbaris
533 2693 796 2772 praedonibus
818 2700 960 2754 uexata
984 2709 1072 2752 esse

26 2776 213 2842 uideatur.

79 2865 126 2926 Ile
152 2865 350 2927 ‘inlaudato'
374 2871 477 2926 autam
504 2864 566 2926 duo
589 2863 735 2926 uidentur
758 2861 943 2939 responderi
964 2864 1101 2938 posses

26 2945 121 3009 Vnum
141 2958 195 3012 est
210 2950 380 3013 eiusmodi:
403 2951 500 3012 Nemo
518 2948 683 3025 quisquam
695 2954 758 3008 tarn
770 2945 893 3007 eilliotis
906 2953 955 3007 est
975 2947 1073 3008 mori—

26 3026 88 3105 bus,
100 3034 180 3110 quin
194 3036 287 3097 iaciat
297 3042 351 3098 aut
364 3035 446 3096 dicat
457 3051 690 3110 nonnumquam
702 3030 834 3109 aliquid,
856 3032 942 3108 quod
953 3031 1073 3094 laudari

26 3125 124 3252 faueat.
171 3121 267 3182 Vnde
286 3120 336 3182 hic
363 3119 596 3197 antiquissimas
622 3135 736 3181 uersus
755 3117 825 3178 uice
848 3114 1006 3194 prouerbii
1024 3132 1072 3177 ce-

37 3209 165 3264 earatus
182 3211 246 3265 est:

66 3315 256 3384 Πολλάκῖ
287 3321 354 3387 καὶ
388 3313 596 3406 κηπουρὸς
628 3293 738 3404 ἀνὴρ.
762 3317 871 3483 {odia
910 3323 1071 3401 καίριον

740 3439 863 3484 επεν.

29 3528 93 3592 Sed
115 3538 199 3600 enim
216 3544 265 3620 qui
282 3545 365 3610 orrrni
389 3543 419 3604 in
446 3561 480 3605 re
502 3549 597 3620 atquc
617 3540 858 3617 omnitempore
879 3541 971 3601 laude
990 3535 1114 3600 omnilo
