2490 3926
159 197 181 262 4
569 197 785 256 PRAEFATIO.

162 366 318 429 scaeuitas
331 362 542 426 etinuidantia
553 361 718 437 irritatior,
740 362 906 423 mutuabor
923 377 963 421 ex
974 357 1201 436 Aristopha-

160 467 229 512 nae
252 452 348 512 choro
369 454 539 526 anapaesta
551 464 652 526 pauca
666 454 697 508 et
713 463 805 524 quam
817 445 868 506 ille
880 447 973 506 homo
987 440 1201 505 iestiuissimus

161 537 283 596 fabulae
296 551 373 597 suae
384 533 575 612 spectandae
587 536 686 610 legem
699 531 794 605 dedit,
802 531 933 593 eandem
946 546 1004 606 ego
1019 534 1201 590 commenta-

159 618 213 680 riis
226 621 273 682 his
286 618 426 697 legendis
440 619 532 692 dabo,
544 625 579 680 ut
590 635 628 679 ea
640 634 678 678 ne
691 616 821 693 attingat
836 631 917 677 neue
929 615 1022 676 adeat
1009 613 1203 690 tprolestum

118 710 195 772 ilci
206 706 371 783 profanum
382 704 511 780 uulgus
535 704 638 764 aludo
652 700 771 763 musico
785 700 954 764 diuersum.
988 701 1110 760 Versus
1128 694 1202 772 legis

163 789 254 852 datae
265 789 296 851 hi
308 796 394 851 sunt:

203 895 418 984 Εὐφημεϊν
447 895 519 985 χρὴ
547 894 639 979 xciii
642 907 818 967 σιασθιιι
850 907 937 976 τοῖς
968 889 1204 981 ἡμετέροισι

195 1065 330 1147 Ὅστις
363 1064 534 1154 ἄπειρος
564 995 956 1171 ιοιοῖιιχδοερολῖἱσγιιῖιιἋ
934 1089 955 1149 η
987 1060 1125 1148 γνώμῃ
1157 1058 1206 1144 nu

684 1148 943 1256 καθαρεύει

195 1231 245 1304 H
267 1234 519 1321 γενναίων”
498 1262 618 1323 cortu
645 1241 827 1305 Mondaia
855 1233 930 1321 μήτ
934 1229 1087 1299 ἐἶδεν
1117 1253 1194 1314 unt

685 1320 921 1430 ἐχόρευσεν,
944 1330 955 1398 [
968 1363 1063 1384 .....
1039 1327 1086 1424 1

207 1406 380 1487 Τούτοις
406 1403 532 1492 αὐδῶ,
570 1397 720 1485 καῦθις
747 1367 935 1510 ἀπαυδῶ,
975 1391 1086 1468 aad&
1091 1425 1126 1478 ις
1162 1391 1205 1463 τὸ

686 1496 826 1577 τρίτον
849 1487 936 1595 μάλ’
961 1482 1131 1554 ἆιιιιυσῶ

201 1571 494 1657 Ἐξίστασθιιι1
483 1576 718 1662 [μύσ1τοιισι
739 1587 893 1661 χοροῖς,
916 1565 1087 1678 ὑμεϊςᾶ’
1114 1565 1209 1633 ἆνε-

679 1665 848 1768 γείρετε
870 1655 1029 1745 μολπήν

204 1745 283 1812 Καὶ
306 1747 559 1830 παννυχίδας
579 1743 648 1824 τὰς
670 1743 890 1831 ἡμετέροις,
925 1747 972 1810 αἳ
991 1742 1085 1830 τῇδε
1107 1737 1209 1822 πρέ-

688 1827 989 1916 ποοσινὲορτῇ.

121 1991 155 2046 22
219 1975 386 2040 Volumina
397 1976 687 2039 commentariorum
701 1977 741 2037 ad
753 1977 835 2038 hunc
848 1974 929 2036 diem
940 1973 1023 2050 uigin
1025 1972 1118 2035 iiiam
1130 1974 1211 2038 sacta

121 2079 156 2133 aa
168 2070 250 2124 sunt.
295 2064 447 2138 Quantum
458 2069 566 2142 autem
584 2061 667 2122 uitae
685 2060 756 2123 mihi
773 2061 921 2137 deinceps
940 2061 1032 2120 deum
1051 2061 1212 2122 uoluntate

168 2146 226 2208 erit
248 2152 460 2222 quantumque
478 2163 496 2205 a
513 2146 629 2206 tuenda
651 2162 684 2206 re
698 2145 837 2206 familiari
849 2144 1111 2223 procurandoque
1123 2147 1212 2206 cultu

165 2229 333 2291 liberorum
344 2247 484 2292 meorum
498 2227 620 2291 dabitur
632 2229 742 2304 otium,
763 2247 800 2291 ea
812 2228 915 2292 omnia
927 2226 1085 2292 subsidua
1097 2234 1128 2289 et
1139 2231 1211 2291 sub-

166 2313 351 2377 secundaria
361 2322 504 2392 tempora
514 2316 554 2375 ad
562 2313 751 2392 colligendas
765 2313 980 2377 huiuscemodi
993 2312 1211 2376 memoriarum

123 2407 158 2462 at
170 2398 444 2462 delectatiunculas
468 2401 635 2462 conferam.
680 2400 900 2476 Progredietur
916 2416 990 2475 ergo
1015 2415 1164 2460 numerus
1181 2400 1211 2460 li·

164 2486 307 2559 brorum,
328 2483 386 2547 diis
398 2486 479 2547 bene
489 2484 677 2558 iuuantibus,
693 2502 762 2547 cum
774 2483 873 2561 ipsius
885 2484 977 2557 uitae,
996 2483 1135 2559 quantuli
1148 2486 1212 2561 qui-

167 2587 228 2645 que
240 2569 362 2643 luerint,
375 2570 595 2648 progressibus
607 2618 613 2643 ,
627 2586 729 2645 neque
741 2569 883 2646 longiora
894 2568 966 2630 mihi
977 2567 1044 2630 dari
1055 2568 1158 2644 spatia
1170 2571 1212 2630 ui-

165 2652 260 2714 uendi
271 2657 361 2728 uolo,
387 2656 570 2731 quamdam
589 2671 643 2715 ero
661 2655 700 2713 ad
719 2655 798 2716 hanc
811 2671 937 2732 quoque
948 2655 1125 2715 facultatem
1137 2655 1213 2715 scri·

165 2737 259 2798 bandi
272 2739 563 2815 commentandique
574 2737 717 2800 idoneus

122 2829 157 2884 25
227 2822 333 2898 Capita
344 2839 461 2898 rerum,
476 2841 556 2902 quae
569 2822 681 2900 cuique
697 2822 917 2886 commentario
929 2823 1048 2899 insunt,
1063 2823 1213 2902 exposui-

165 2923 233 2968 mus
245 2905 295 2967 hic
307 2907 467 2983 uniuersa,
485 2915 520 2971 ut
530 2907 591 2970 iam
604 2907 706 2972 statim
718 2910 907 2984 declaretur,
925 2907 1074 2986 quidque
1088 2907 1119 2970 in
1130 2909 1213 2973 libro

165 2989 272 3066 quaeri
283 2990 477 3072 inuenirique
489 2993 600 3073 possit.

546 3254 818 3265 -ῌ--ιι
