2456 3918
170 191 213 254 50
631 192 653 250 l.
667 207 748 251 vnn.

172 379 231 423 nus
250 357 413 438 quisquam
433 359 541 434 tacuit,
565 375 657 436 quam
674 359 839 421 biennium.
873 358 912 418 Hi
930 375 1061 435 prorsus
1076 360 1208 436 appella·

148 448 285 508 abantur
294 445 374 506 intra
384 451 509 522 tempus
521 441 644 505 tacendi
654 443 862 519 audiendique
884 434 1125 506 εοἰκοοστιοιοίῆ
1150 447 1208 504 Ast

170 531 223 592 ubi
235 547 286 591 res
300 528 470 590 didicerant
480 546 584 590 rerum
596 527 732 590 omnium
743 527 955 600 difficillimas,
973 535 1078 588 tacere
1090 529 1208 588 audire-

172 633 248 693 que,
268 620 361 690 atque
381 630 453 675 esse
470 613 530 674 iam
542 618 712 690 coeperant
722 612 843 674 silentio
863 612 990 686 eruditi,
1011 612 1060 674 cui
1079 620 1145 673 erat
1160 630 1209 673 no-

170 717 241 761 men
260 695 471 778 (ἐχεμυθίαζ
492 705 558 758 tum
576 698 673 759 uerba
686 699 788 758 lacere
800 704 831 758 ct
843 713 993 774 quaerere
1005 714 1149 774 quaeque
1164 715 1209 757 au-

171 786 291 846 dissent
302 782 438 844 soribere
450 789 481 842 et
492 799 572 858 quae
583 781 644 858 ipsi
662 783 864 858 opinarentur
874 798 1058 859 expromere
1069 790 1210 859 potestas

147 875 247 931 terat.
286 867 326 928 Hi
344 866 526 928 dicebantur
543 866 574 927 in
595 883 632 928 eo
652 874 793 943 tempore
813 865 1083 946 ‘pobqpartuoi'‚
1109 868 1149 927 ab
1167 867 1210 926 his

170 954 287 1016 scilicet
306 951 437 1025 artibus
461 969 539 1027 quas
556 951 616 1012 iam
636 951 756 1012 discere
775 958 868 1028 atque
886 951 1025 1012 meditari
1036 951 1213 1028 inceptaue·

169 1045 251 1099 rant:
267 1035 412 1112 quoniam
422 1036 623 1111 geometriam
635 1042 666 1096 et
676 1036 903 1112 gnomonicam,
918 1035 1067 1097 musicam
1078 1041 1212 1096 ceteras-

171 1139 231 1200 que
241 1122 314 1182 item
326 1120 504 1196 disciplinas
517 1121 642 1182 altiores
662 1114 880 1200 ‘paticipare’
901 1126 1026 1182 ueteres
1039 1120 1153 1181 Graeci
1165 1137 1213 1196 ap-

168 1207 340 1284 pellabant3
373 1207 486 1282 uulgus
509 1212 627 1278 autem,
652 1222 732 1282 quos
754 1205 910 1282 gentilicio
927 1205 1082 1266 uocabulo
1106 1206 1213 1266 ‘Chal-

144 1294 284 1356 'ldaeos’
311 1289 415 1349 dicere
437 1296 575 1366 oportet,
601 1289 871 1352 ‘mathematicos’
895 1289 977 1350 dicit.
1019 1288 1146 1350 Exinde
1170 1289 1213 1348 his

169 1374 317 1438 scientiae
334 1373 445 1435 studiis
463 1373 563 1435 ornati
579 1376 618 1435 ad
629 1373 848 1451 perspicienda
859 1375 965 1435 mundi
979 1391 1076 1451 opera
1087 1381 1119 1434 et
1133 1374 1214 1450 prin-

170 1459 250 1537 cipia
270 1464 398 1519 naturae
423 1459 652 1535 procedebant,
676 1475 713 1519 ac
729 1466 803 1519 tunc
823 1459 957 1534 deniqne
975 1459 1216 1521 nominabantur

170 1543 358 1624 ‘pootuot'.

143 1641 162 1696 8
229 1630 314 1690 Haec
336 1629 444 1688 eadem
467 1644 563 1704 super
584 1629 815 1705 Pythagora
837 1635 945 1690 noster
966 1630 1118 1690 Taurus
1148 1647 1216 1690 cum

170 1713 315 1776 dixisset:
329 1717 430 1774 ‘nunc
442 1718 570 1786 autem’,
583 1712 694 1788 inquit,
718 1711 806 1787 riso,
821 1713 873 1789 qui
884 1721 1012 1790 repente
1023 1713 1165 1790 pedibus
1177 1714 1218 1774 in-

169 1799 239 1860 lotis
251 1799 291 1858 ad
302 1797 507 1875 philosophos
520 1797 700 1871 deuertunt‚
719 1816 782 1858 non
795 1805 843 1859 est
855 1799 916 1859 hoc
930 1797 1021 1871 satie,
1042 1800 1133 1874 quod
1146 1807 1218 1860 sunt

171 1883 295 1946 omnino
319 1873 525 1964 ἀθεώρητοι,
553 1873 714 1962 ἄμουσοι,
737 1873 1000 1962 ἆγεωμέτρητοι,
1024 1883 1083 1943 sed
1109 1885 1216 1960 legem

142 1970 257 2034 aetiam
270 1968 360 2041 dant,
373 1983 435 2043 qua
445 1965 659 2044 philosophari
669 1967 800 2028 discant.
822 1967 911 2029 Alius
923 1967 979 2028 ait:
993 1967 1075 2028 ‘hoc
1086 1985 1142 2028 me
1157 1969 1217 2045 pri-

168 2071 251 2114 mum
263 2054 371 2126 doce'‚
388 2051 461 2112 item
480 2050 573 2112 alius:
598 2053 676 2113 ‘hoc
691 2053 764 2112 uolo
774 2057 795 2125 ⁹,
818 2051 931 2128 inquit,
956 2051 1118 2126 ‘oscor-e,
1132 2053 1218 2114 istud

162 2136 371 2208 ,nolo'3hica
388 2135 591 2212 symposio
610 2137 789 2198 Platonis
811 2137 949 2214 incipere
970 2136 1065 2212 gestit
1083 2145 1222 2214 propter

168 2220 346 2282 Alcibiadae
368 2219 615 2293 comisationem,
639 2221 689 2281 ille
713 2223 926 2282 aPhaedro
946 2227 1078 2298 propter
1099 2223 1222 2300 Lysiae

126 2319 161 2371 10
169 2306 349 2366 orationem.
368 2305 424 2364 Est
438 2303 552 2378 etiam’,
565 2304 677 2381 inquit,
694 2311 764 2383 ‘pro
777 2307 929 2384 luppiter!
943 2305 995 2382 qui
1005 2306 1121 2367 Plato
1131 2326 1153 2367 n
1167 2324 1223 2367 em

169 2393 272 2466 legere
296 2391 432 2464 postulet
458 2406 520 2450 non
537 2389 618 2450 uitae
637 2393 811 2463 amandae,
831 2392 888 2452 sed
905 2389 1029 2468 linguae
1048 2392 1212 2453 orationis

169 2492 229 2551 que
246 2474 415 2534 comendae
427 2473 538 2548 gratia,
559 2492 617 2534 nec
628 2480 662 2535 ut
674 2476 846 2536 modestior
857 2476 925 2549 liat,
940 2477 997 2536 sed
1008 2481 1043 2535 ut
1054 2475 1223 2552 lepidior.’

127 2560 252 2624 11Haec
263 2559 411 2619 Taurus
426 2557 530 2619 dicere
543 2560 663 2633 solitus,
677 2559 820 2621 nouicios
840 2560 1102 2638 philosophorum
1117 2569 1217 2622 secta

166 2653 252 2704 tores
266 2659 335 2704 cum
353 2643 510 2704 ueteribus
522 2643 803 2721 Pythagoricis
820 2644 991 2722 pensitans.

127 2742 159 2794 12
230 2727 293 2788 Sed
304 2727 334 2787 id
348 2744 473 2804 quoque
485 2745 548 2789 non
559 2731 819 2804 praetereundum
832 2737 896 2801 est,
920 2730 1006 2804 quod
1021 2745 1157 2804 omnes,
1189 2734 1218 2792 si

167 2814 230 2872 mul
247 2819 339 2888 atque
361 2828 380 2871 a
399 2813 624 2891 Pythagora
645 2813 676 2874 in
696 2815 856 2875 cohortem
877 2813 960 2873 illam
977 2813 1218 2890 disciplinarum

121 2890 127 2905 '
167 2895 404 2972 receptiorem,
425 2899 510 2973 quod
531 2898 663 2975 quisque
682 2899 813 2958 familiae
834 2899 1049 2976 pecuniaeque
1067 2898 1220 2961 habebat

167 2981 196 3040 in
209 2981 343 3042 medium
359 2982 451 3042 dabat
462 2989 493 3042 et
505 2983 645 3044 coibatur
657 2983 792 3044 societas
806 2982 1037 3061 inseparabilis,
1050 2989 1208 3062 tamquar

165 3064 232 3125 illut
242 3064 298 3126 luit
309 3063 443 3127 anticum
455 3068 660 3140 consortium,
678 3069 763 3144 quod
774 3068 840 3130 iure
851 3075 944 3145 atque
956 3067 1055 3130 uerbo
1068 3069 1224 3132 Roman

166 3150 380 3226 appellabatur
399 3155 503 3211 ‘erclo
521 3153 583 3212 non
604 3151 694 3212 cilo’.
