2490 3926
150 235 191 298 10
488 236 598 292 INDEX
622 234 888 292 CAPITVLORVM.

127 447 130 452 -
235 407 294 462 Vll.
321 407 442 460 Historia
463 422 498 459 ex
516 405 661 460 annalibus
682 409 791 475 sumpta
809 403 844 459 de
862 403 896 471 Q.
910 400 1057 470 Caedicia,
1081 402 1192 456 tribrmo

151 491 283 558 militum;
301 492 442 561 uerbaque
455 506 490 544 ex
501 489 656 560 originibus
668 489 706 543 ll.
719 486 831 544 Catonis
845 487 988 560 apposita,
1011 486 1111 558 quibus
1125 483 1193 542 Cae-

152 575 206 630 dici
220 576 348 630 uIrtutem
360 591 423 629 cum
435 573 571 645 Spartano
584 572 708 628 Leonida
719 573 890 644 aequiperat.

234 658 306 712 VIII.
328 659 436 714 Literae
449 658 567 713 eximiae
586 659 731 712 consulum
744 655 775 712 G.
788 657 907 712 Fabricii
929 661 956 711 et
973 656 1007 724 Q.
1021 655 1134 711 Aemilii
1155 654 1194 708 ad

151 758 248 815 regem
259 741 398 814 Pyrrhum
410 759 426 797 a
439 742 472 810 Q.
485 741 617 808 Claudio,
636 742 770 812 scriptore
781 740 976 809 historiarum,
990 741 1017 795 iu
1030 739 1193 796 memorIam

152 828 243 884 datae.

234 908 318 964 Vllll.
342 909 410 980 Quis
422 917 450 963 et
465 909 622 965 cuiusmodi
634 910 730 977 luerit,
744 910 790 981 qui
803 909 831 964 in
841 911 991 981 prouerbio
1005 911 1090 964 lectur
1101 923 1192 979 equus

152 994 288 1062 Seianus;
310 998 337 1046 ct
347 986 439 1064 qualis
460 996 536 1049 color
549 1010 683 1065 equorum
696 994 745 1061 sit,
768 995 815 1064 qui
827 994 957 1066 spadices
970 998 1121 1060 uocantur;
1145 991 1194 1048 de-

151 1095 205 1150 que
218 1079 287 1134 stius
299 1079 429 1133 uocabuli
441 1079 558 1133 ratione.

234 1163 270 1218 X.
290 1161 372 1229 Quod
393 1168 436 1218 est
454 1162 593 1233 quaedam
616 1162 765 1234 septenarii
786 1163 894 1216 numeri
912 1163 956 1217 uis
977 1167 1005 1218 et
1024 1162 1145 1216 facultas
1165 1161 1193 1214 in

151 1247 242 1302 multis
255 1253 369 1302 naturae
383 1248 466 1301 rebus
478 1245 690 1315 animaduersa,
705 1245 739 1301 de
752 1261 806 1317 qua
817 1246 855 1300 M.
866 1247 957 1301 Varro
970 1247 999 1301 ln
1009 1243 1195 1301 hebdomadi-

151 1333 202 1386 bus
216 1330 327 1386 disserit
340 1331 465 1402 copiose.

233 1413 280 1469 XI.
304 1415 409 1482 Quibus
422 1421 448 1470 et
465 1430 547 1485 quam
560 1415 667 1470 lriuoIIs
685 1415 856 1486 argumentis
874 1414 978 1471 Accius
997 1416 1024 1470 in
1044 1413 1195 1470 didascali-

150 1498 191 1553 cis
203 1504 308 1566 utatur,
321 1499 421 1569 quibus
434 1499 535 1554 docere
547 1499 654 1567 nititur,
673 1498 827 1554 Hesiodum
839 1515 918 1568 esse,
937 1515 1021 1570 quam
1032 1499 1194 1566 Homerum,

150 1588 216 1638 natu
233 1584 427 1653 antiquiorem.

233 1666 293 1721 Xll.
316 1667 437 1740 Largum
449 1673 531 1738 atque
549 1665 663 1722 auidum
676 1667 790 1726 bibendi
809 1669 868 1722 aP.
880 1666 1010 1739 Nigidio,
1030 1667 1195 1723 doctissimo

153 1751 227 1819 ulra,
242 1767 316 1807 noua
329 1757 357 1805 ct
366 1768 454 1823 prope
467 1749 591 1806 absurda
601 1754 731 1808 uocabuli
741 1752 833 1825 figura
843 1753 972 1808 bibosum
985 1752 1099 1808 dictum.

233 1834 305 1890 XHl.
330 1835 412 1903 Quod
429 1835 647 1904 Demosthenes,
664 1838 806 1893 etiamtum
818 1836 1001 1905 adulescens,
1023 1853 1086 1892 curn
1102 1838 1196 1893 Plato-

150 1920 193 1974 nis
205 1919 366 1992 philosophi
379 1920 533 1994 discipulus
548 1921 633 1990 soret,
656 1921 750 1977 audilo
771 1923 840 1977 forte
860 1919 1014 1978 Callistrato
1034 1921 1144 1976 rhetore
1167 1923 1195 1976 in

150 2006 279 2060 contione
290 2006 403 2076 populi,
416 2005 520 2062 destitit
531 2022 548 2060 a
558 2007 671 2062 Platone
686 2013 713 2063 et
725 2011 846 2062 sectatus
859 2004 1043 2062 Callistratum
1058 2011 1110 2061 est.

233 2087 318 2143 XHll.
348 2088 499 2145 Dlmidium
520 2090 618 2145 librum
636 2092 693 2162 legi
705 2095 766 2147 aut:
790 2089 935 2146 dimidiam
954 2092 1074 2146 labulam
1094 2089 1197 2146 audiui
1235 2153 1236 2158 ἵ

151 2172 260 2241 aliaque
272 2171 468 2228 huiuscemodi
480 2175 527 2245 qui
540 2173 628 2241 dicat,
647 2175 748 2230 uitiose
759 2175 868 2242 dicere,
889 2176 1006 2246 eiusque
1017 2175 1076 2230 uitii
1089 2190 1197 2231 causas
1235 2177 1236 2230 ἕ

150 2254 271 2310 reddere
291 2256 329 2310 M.
347 2257 519 2326 Varroncm;
542 2273 593 2312 nec
616 2274 783 2329 quemquam
804 2265 925 2314 ueterem
942 2259 1022 2315 hisce
1042 2260 1136 2314 uerbis
1156 2260 1198 2316 ita

150 2355 231 2396 usum
248 2355 323 2395 esse.

232 2422 296 2478 XV.
318 2423 419 2480 Extare
440 2427 468 2480 in
486 2427 573 2482 literis
590 2443 697 2498 perque
715 2427 860 2483 homiuum
879 2427 1028 2482 memorias
1051 2425 1197 2496 traditum,

150 2507 225 2579 quod
236 2513 352 2580 repente
365 2509 457 2566 multis
470 2517 586 2566 mortem
598 2511 686 2568 attulit
696 2510 849 2582 gaudium
842 2527 942 2583 ingens
954 2512 1159 2583 insperatum,
1152 2529 1199 2567 rn-

150 2594 271 2648 terclusa
283 2592 375 2648 anima
387 2600 414 2647 et
425 2593 481 2649 uIm
492 2597 587 2668 magni
600 2596 721 2667 noquue
734 2602 825 2650 motus
838 2612 894 2650 uon
912 2597 1074 2651 sustinente.

232 2675 308 2732 XVI.
336 2676 481 2750 Temporis
496 2680 641 2735 uarietas'
635 2697 663 2734 m
681 2679 828 2750 puerperis
849 2680 995 2736 mulierum
1007 2695 1147 2751 quaenam
1161 2682 1200 2736 sit
1234 2677 1235 2760 l

150 2777 166 2816 a
183 2760 302 2816 medicis
319 2766 346 2815 et
366 2777 383 2816 a
402 2762 578 2835 pbilosophis
597 2764 714 2832 tradita;
739 2770 820 2834 atque
841 2764 1063 2836 iniproetarum
1080 2781 1198 2836 quoquc
1234 2767 1235 2820 l

149 2849 274 2901 ueterum
292 2862 376 2918 super
395 2846 495 2902 eadem
508 2864 538 2902 re
553 2850 700 2919 opimones
712 2849 852 2919 multaque
865 2849 919 2904 alia
931 2847 1028 2904 auditu
1039 2854 1121 2920 atque
1134 2866 1199 2905 me·
1234 2831 1235 2917 l

149 2934 257 2984 moratu
280 2928 367 3002 digua
387 2933 559 3003 uerbaque
552 2949 615 3005 ipsa
635 2933 811 3005 Hippocratis
835 2931 938 2988 medici
965 2948 1002 2988 ex
1025 2933 1094 2988 libro
1116 2934 1198 2989 illius

150 3019 277 3085 sumpta,
290 3015 337 3085 qui
350 3015 499 3089 iuscriptus
511 3023 553 3073 est
563 3011 630 3094 περὶ
643 3015 762 3114 τροφῆς.

232 3096 319 3152 XVII.
341 3099 372 3154 Id
383 3116 493 3172 quoque
505 3117 569 3157 esse
587 3120 604 3158 a
625 3102 800 3175 grauissimis
815 3102 884 3157 uiris
903 3103 1056 3158 memoriae
1075 3079 1234 3159 manda-l

149 3187 205 3235 tum
213 3181 315 3252 ,quod
326 3185 375 3239 tris
388 3185 474 3241 libros
486 3187 561 3242 Plato
572 3187 690 3243 Philolai
701 3185 882 3258 Pythagorici
901 3191 928 3240 et
939 3186 1105 3242 Aristoteles
1122 3204 1200 3258 pau-

149 3266 228 3320 culos
250 3263 402 3340 Speusippi
423 3269 584 3342 philosophi
606 3271 721 3327 mercati
746 3276 809 3326 sunt
829 3271 941 3342 pretiis,
964 3270 1125 3327 fidemnon
1149 3290 1196 3329 ca·

148 3350 298 3418 pientibus.

231 3434 330 3490 XVHI.
353 3435 427 3504 Quid
449 3438 503 3492 siut
523 3437 632 3510 pedarii
655 3443 799 3494 senatores
813 3446 840 3494 ct
859 3456 942 3512 quam
964 3441 999 3498 ob
1019 3455 1136 3496 causam
1158 3444 1201 3498 ita

147 3519 295 3590 appellati;
317 3537 455 3591 quamque
475 3522 595 3578 habeant
615 3525 751 3596 originem
770 3526 856 3579 uerba
871 3524 943 3580 haec
955 3523 1094 3580 exedicto
1108 3529 1203 3583 trala—
1232 3595 1233 3598 Ἴ
