2490 3926
161 209 203 273 36
640 207 663 265 Ι.
686 220 719 263 11.

669 373 702 442 ll.

162 503 207 559 Ab
219 499 331 556 Herode
343 500 436 556 Attico
449 499 477 556 C.
489 499 524 555 V.
536 499 701 570 tempestiue
714 496 880 569 deprompta
899 497 928 551 in
944 491 1087 567 quendam
1107 491 1215 545 iactan-

204 591 260 641 tem
283 590 310 642 et
332 585 487 658 gloriosum
509 581 736 650 adulescentem,
762 582 858 654 specie
880 584 986 636 tantum
1007 574 1215 650 philosophiae

206 674 387 737 sectatorom,
422 670 509 724 uerba
530 667 650 739 Epicteti
674 666 775 734 Stoici,
805 665 905 738 quibus
935 662 1070 720 lestiuiter
1102 675 1120 715 a
1145 674 1214 714 uero

205 754 300 812 Stoico
323 753 445 809 seiunxit
468 753 569 823 uulgus
592 751 752 822 loquacium
775 750 962 818 nebulonum,
986 747 1033 819 qui
1053 763 1085 801 se
1098 743 1214 802 Stoicos

204 841 405 909 nuncuparent.

136 977 151 1032 1
227 968 407 1029 Herodes
437 963 614 1039 Atticus,
648 964 697 1026 uir
720 970 752 1026 et
774 963 892 1024 Graeca
913 959 1059 1022 facundia
1081 966 1114 1020 et
1143 975 1216 1018 con-

163 1052 257 1115 sulari
279 1053 398 1113 honore
421 1049 596 1127 praedituS,
620 1047 800 1109 accersebat
823 1063 919 1122 saepe
941 1063 1017 1118 noS,
1042 1059 1115 1106 cum
1129 1043 1216 1119 apud

162 1135 328 1212 magistros
349 1133 481 1196 Athenis
505 1149 664 1206 essemus,
687 1133 717 1191 in
729 1131 817 1192 uillas
830 1129 858 1191 ei
869 1129 938 1192 urbi
960 1128 1142 1206 proximas,
1168 1143 1216 1187 me

164 1229 195 1282 et
217 1219 421 1282 clarissimum
442 1216 543 1278 uirum
573 1215 838 1277 Seruilianum
865 1215 1111 1292 compluresque
1138 1212 1217 1272 ahos

163 1311 336 1378 nostrates,
365 1301 417 1378 qui
439 1303 539 1362 Roma
567 1299 597 1361 in
626 1299 785 1361 Graeciam
813 1299 853 1359 ad
882 1297 1068 1375 capiendum
1099 1295 1217 1372 ingenii

138 1391 283 1452 ncultum
307 1391 540 1448 concesserant.
584 1386 689 1461 Atque
710 1383 751 1444 ihi
773 1389 862 1457 tunc,
887 1399 958 1444 cum
971 1398 1117 1444 essemus
1132 1382 1218 1458 apud

164 1490 234 1535 eum
246 1472 276 1533 in
288 1471 375 1545 uilla,
394 1468 443 1530 cui
454 1485 569 1530 nomen
581 1475 630 1530 est
647 1467 804 1545 Cephisia,
828 1472 859 1528 et
877 1473 967 1528 aestu
979 1466 1053 1527 anni
1066 1472 1098 1527 et
1110 1465 1218 1526 sidere

163 1555 300 1618 autumni
324 1552 579 1631 flagrantissime,
603 1552 863 1629 propulsabamus
880 1550 1082 1613 incommoda
1100 1550 1217 1611 caloris

163 1644 305 1702 lucorum
327 1638 437 1699 umbra
459 1636 643 1714 ingentium,
668 1635 768 1711 longis
791 1635 976 1698 ambulacris
1001 1641 1033 1696 et
1054 1634 1215 1706 mollibus

165 1723 287 1795 aedium
300 1721 405 1800 positu
418 1719 627 1797 refrigeranti,
651 1719 782 1780 lauacris
801 1719 904 1782 nitidis
917 1727 949 1781 et
958 1718 1095 1780 abundis
1108 1725 1142 1780 et
1155 1721 1215 1780 col-

164 1807 338 1869 lucentibus
352 1805 509 1882 totiusque
521 1803 612 1866 uillae
628 1809 808 1877 uenustate,
821 1803 911 1881 aquis
931 1802 1071 1881 undique
1084 1804 1215 1864 canoris

167 1899 260 1969 atque
272 1891 381 1952 auibus
393 1895 592 1968 personante.

138 1971 155 2026 3
230 1978 304 2037 Erat
331 1973 446 2036 ibidem
474 1973 636 2036 nobiscum
668 1971 758 2034 simul
780 1973 967 2034 adulescens
991 1969 1218 2048 philosophiae

166 2067 318 2133 sectator,
331 2057 531 2136 ‘disciplinae
540 2063 561 2130 ’,
578 2064 613 2118 ut
624 2057 692 2133 ipse
705 2055 842 2129 dicebat,
856 2060 865 2092 ³
877 2056 1023 2130 stoicae’‚
1038 2057 1099 2118 sed
1109 2051 1218 2132 loqua-

138 2142 232 2206 tator
244 2141 391 2220 inpendio
412 2148 443 2202 et
463 2141 646 2219 promptior.
691 2141 720 2200 ls
737 2141 923 2218 plerumque
939 2139 970 2202 in
989 2139 1140 2202 conuiuio
1155 2157 1218 2202 ser-

165 2228 318 2299 monibus,
333 2225 386 2301 qui
396 2231 470 2301 post
482 2226 590 2302 epulas
602 2223 708 2284 haberi
721 2225 832 2296 solent,
842 2227 938 2286 multa
950 2230 1045 2300 atque
1056 2224 1219 2287 inmodica

166 2313 206 2373 de
227 2309 443 2387 philosophiae
461 2308 670 2370 doctrinist
625 2327 656 2369 m
657 2307 842 2385 tempestiue
865 2315 960 2386 atque
981 2309 1133 2371 insubide
1160 2309 1237 2370 dis

166 2395 289 2456 serebat
277 2401 438 2471 tpraeque
451 2409 486 2454 se
497 2411 560 2455 uno
574 2399 696 2454 ceteros
710 2408 836 2465 omneS,
860 2391 983 2469 linguae
994 2394 1123 2456 Atticae
1137 2385 1237 2471 prin-l

167 2480 252 2555 cipes
274 2483 462 2554 gentemque
486 2493 609 2538 omnem
633 2482 771 2552 togatam
801 2482 964 2552 totumque
993 2495 1111 2540 nomen
1138 2478 1221 2539 Lati·
1236 2457 1237 2522 l

167 2580 259 2635 num,
283 2561 378 2622 rudes
392 2577 464 2622 esse
477 2567 508 2622 et
519 2567 624 2657 agrest
625 2577 659 2622 es
672 2559 871 2637 praedicabat
881 2567 975 2637 atque
986 2562 1111 2624 interea
1123 2580 1221 2624 uoca

165 2645 246 2707 bulis
279 2645 354 2706 haut
386 2644 475 2706 facile
504 2644 655 2721 cognitis,
690 2643 945 2721 syllogismorum
968 2646 1222 2746 captionumque

167 2728 286 2792 dialect'
265 2736 396 2790 trcarum
408 2728 527 2806 laqueis
540 2729 712 2806 strepebat,
736 2723 1031 2824 κυριεύοντας,
1055 2721 1222 2812 ἡσυχά-

167 2813 312 2888 ζοντας
334 2819 365 2874 et
381 2812 581 2910 σωρείτας
599 2811 741 2888 aliosque
757 2810 789 2872 ld
801 2829 901 2889 genus
913 2813 1044 2892 griphos
1057 2815 1220 2880 neminem

167 2915 263 2975 posse
275 2898 384 2959 dicens
396 2915 456 2959 nrsr
467 2914 503 2959 se
514 2896 698 2959 dissoluere
733 2897 810 2958 Rem
821 2914 897 2959 uero
911 2897 1046 2960 ethrcam
1058 2907 1221 2964 naturam

167 2999 228 3058 que
239 2979 383 3043 humani
375 2980 490 3058 ingenii
505 2980 715 3056 uirtutumque
728 2979 863 3058 origines
876 2981 1044 3060 ciliciaque
1056 3001 1171 3046 aarum
1192 2993 1221 3046 et

167 3065 302 3140 confinia
326 3073 380 3127 aut
398 3072 507 3128 contra
524 3065 704 3127 morborum
720 3064 928 3143 uitiorumque
948 3067 1076 3130 fraudes
1096 3069 1221 3132 animo-

166 3167 297 3228 rumque
308 3151 395 3211 labes
407 3148 635 3226 (pestilentias),
659 3149 862 3210 asseuerabat
873 3151 948 3212 nulli
960 3169 1034 3214 esse
1045 3153 1100 3214 ulli
1113 3155 1220 3231 magis

136 3245 202 3298 oea
213 3234 317 3296 omnia
329 3236 504 3312 explorata
525 3240 684 3309 comperta
695 3233 914 3310 meditataque
950 3236 1150 3301 Cruciatibus
1164 3257 1219 3301 au-

124 3367 126 3377 .
166 3327 229 3381 tem
248 3319 472 3394 doloribusque
485 3317 626 3395 corporis
639 3323 670 3379 et
680 3316 826 3395 periculis
844 3327 976 3382 mortem
996 3321 1236 3400 minitantibusl

166 3403 376 3465 hahitumt
316 3408 376 3463 stat
377 3417 492 3477 umque
503 3401 586 3462 uitae
598 3403 669 3463 beat
656 3408 722 3476 t‚ae
747 3419 839 3478 quem
859 3420 894 3465 se
906 3421 979 3467 esse
992 3408 1147 3484 adeptum
1161 3401 1236 3486 pu

167 3487 259 3560 tabat,
273 3503 375 3562 neque
387 3484 467 3546 laedi
477 3502 579 3562 neque
590 3486 715 3547 inminur
707 3486 938 3562 existimabat,
951 3507 988 3552 aa
1001 3509 1041 3552 ne
1055 3491 1120 3554 oris
1136 3512 1219 3570 quo·
