2456 3918
167 237 208 299 56
632 235 655 295 l.
677 251 746 296 x111.

167 403 222 467 tibi
234 406 306 467 dato
319 409 358 476 et,
372 403 445 481 quid
459 402 584 465 omnino
597 405 733 476 laceres,
746 401 872 463 definito
881 449 888 474 ‚
898 410 1006 466 contra
1018 403 1092 481 quid
1104 404 1189 462 lacera

169 490 299 562 debeaS‚
324 489 350 549 si
373 505 410 550 eo
423 489 503 549 lacto
516 489 614 549 uideri
624 488 727 565 possit
737 504 788 548 res
801 494 951 549 euentura
961 488 1139 566 prosperius
1150 503 1189 546 cx-

139 591 230 651 nque
241 573 370 634 utilitate
383 573 465 646 cius,
490 572 542 648 qui
563 572 595 632 id
618 573 672 633 tibi
689 570 846 649 negotium
870 573 1036 634 mandauit.
1080 575 1191 647 Anceps

169 658 309 737 quaestio
323 656 395 718 etin
408 664 700 733 utramquepartem
719 656 952 733 aprudentibus
969 657 1044 718 uiris
1063 655 1192 717 arbitrata

140 750 227 816 aest.
273 742 352 803 Sunt
364 741 445 802 enim
458 758 521 802 non
533 741 633 818 pauci,
646 741 698 818 qui
710 741 893 804 sententiam
906 759 993 803 suam
1004 758 1066 802 una
1078 740 1107 801 iu
1120 747 1193 815 parte

169 827 332 890 defixerint
350 834 395 898 et,
407 842 441 886 re
454 827 551 886 semel
563 832 677 886 statuta
688 825 933 902 deliberataque,
952 828 1056 899 abeo,
1078 823 1193 885 cuiusid

168 911 326 988 negotium
338 910 592 988 pontificiumque
604 917 698 983 esset,
706 925 902 986 nequaquam
913 910 1091 987 putauerint
1103 914 1194 969 contra

168 998 282 1058 dictum
294 995 361 1056 eius
374 1011 445 1056 esse
458 995 648 1068 laciendum,
674 994 793 1056 etiamsi
810 995 990 1072 repentinus
1009 994 1104 1070 aliqui
1116 1009 1195 1054 casus

166 1098 232 1142 rem
245 1079 438 1142 commodius
451 1079 501 1156 agi
512 1097 609 1156 posse
619 1079 827 1156 polliceretur,
841 1096 897 1153 33,
910 1079 937 1140 si
949 1097 1023 1156 spes
1037 1078 1194 1148 telellisset,

137 1167 259 1241 tculpa
269 1163 467 1242 inpatientiae
480 1170 510 1224 et
520 1181 623 1241 poena
634 1163 870 1240 indeprecabilis
884 1165 1048 1226 subeunda
1059 1169 1157 1234 esset,
1176 1159 1196 1219 si

166 1265 217 1310 res
231 1251 311 1311 forte
323 1247 432 1310 melius
444 1248 605 1321 uertisset,
631 1248 678 1309 dis
704 1248 828 1323 quidem
850 1249 948 1324 gratia
969 1249 1128 1320 habenda,
1150 1245 1196 1306 sed

168 1335 343 1410 exemplum
355 1339 459 1392 tamen
472 1332 684 1394 intromissum
693 1332 867 1405 uideretur,
892 1350 953 1409 quo
971 1334 1051 1393 bene
1065 1332 1198 1393 consulta

136 1417 295 1480 tconsilia
324 1415 473 1492 religione
508 1416 643 1477 mandati
676 1419 779 1478 soluta
811 1424 1095 1494 cormmperentur.
1148 1413 1196 1475 Alii

169 1502 437 1574 existimauerunt,
455 1500 653 1562 incommoda
663 1517 765 1577 prius
779 1517 859 1578 quae
870 1501 1037 1563 metuenda
1048 1507 1167 1572 essen
1177 1501 1199 1558 sl

168 1603 219 1648 res
231 1593 319 1663 ges
288 1586 419 1646 uhter
431 1589 523 1648 loret
543 1601 636 1661 quam
647 1585 829 1661 lmperatum
842 1593 903 1658 es
917 1602 987 1647 cum
999 1587 1209 1648 emolumentur

168 1688 237 1748 sper
227 1670 431 1747 pensitanda
443 1686 513 1731 esse
525 1677 574 1743 et,
592 1669 619 1730 si
635 1687 672 1730 ea
684 1670 801 1731 leuiora
811 1670 1007 1746 minoraque,
1030 1669 1145 1730 utilitas
1157 1684 1199 1726 au·
1208 1665 1209 1728 l

166 1761 229 1816 tem
258 1772 316 1816 con
319 1762 367 1814 tra
388 1771 514 1831 grauior
534 1761 565 1814 e
587 1754 718 1829 amplior
740 1771 797 1831 spe
821 1763 969 1830 quantum
995 1761 1100 1831 potest
1122 1754 1200 1813 firma

168 1841 419 1912 ostenderetur‚t
420 1857 472 1900 um
484 1855 581 1916 posse
594 1840 759 1899 aduersum
771 1840 916 1900 mandata
928 1839 995 1900 fieri
1008 1841 1200 1906 censuerunt,

136 1929 153 1984 6
166 1941 205 1985 ne
218 1925 321 1986 oblata
333 1923 479 1986 diuinitus
492 1924 537 1984 rei
548 1925 628 1984 benc
640 1924 795 1999 gerendae
807 1924 932 1986 occasio
945 1923 1147 1996 amitteretur,
1160 1937 1203 1982 ne·

167 2026 227 2085 que
238 2009 408 2071 timendum
421 2012 597 2084 exemplum
609 2025 671 2069 non
683 2006 813 2085 parendi
831 2008 1043 2082 crediderunt,
1068 2008 1094 2070 si
1120 2008 1203 2068 ratio·

137 2095 153 2150 ‘l
167 2110 223 2153 nes
237 2095 397 2154 dumtaxat
407 2091 625 2154 huiuscemodi
636 2109 698 2153 non
709 2093 866 2154 abessent.
911 2091 1094 2170 Cumprimis
1108 2099 1205 2152 autem

164 2177 394 2253 respiciendum
416 2183 605 2253 putauerunt
625 2176 780 2252 ingenium
796 2186 999 2255 naturamque
1019 2177 1119 2251 illus,
1144 2175 1208 2254 cuia

165 2277 216 2321 res
250 2267 514 2337 praeceptumque
548 2267 651 2322 esset:
687 2278 727 2322 ne
740 2264 843 2336 ferox,
879 2263 992 2336 durus,
1028 2261 1208 2332 indomitust

104 2343 108 2350 '
164 2344 428 2420 inexorabilisque
473 2346 532 2418 sit,
574 2345 676 2422 qualia
714 2348 837 2408 luerunt
877 2345 1076 2409 Postumiana
1116 2339 1208 2422 impe-i

137 2429 212 2490 ttria
243 2435 274 2490 et
299 2429 462 2490 Manliana.
506 2432 581 2491 Nam
604 2431 630 2491 si
657 2431 709 2491 tali
727 2432 924 2509 praeceptori
947 2430 1025 2494 ratio
1048 2430 1189 2492 reddend

166 2514 220 2588 sit,
256 2514 328 2582 nihil
352 2514 524 2576 laciendum
552 2531 623 2576 esse
645 2523 831 2576 monuerunt
853 2517 955 2589 aliter,
991 2532 1084 2592 quam
1123 2431 1208 2661 prae]

166 2605 290 2676 ceptum
302 2606 359 2660 est.

132 2691 149 2744 9
219 2682 409 2744 *Instructius
422 2683 683 2759 deliberatiusque
695 2686 762 2745 lore
775 2683 959 2746 arbitramur
970 2684 1207 2748 theorematium

165 2769 226 2829 hoc
250 2768 289 2827 de
312 2768 464 2829 mandatis
488 2768 705 2829 huiuscemodi
729 2768 957 2845 obsequendis,
982 2770 1009 2831 si
1031 2771 1207 2846 exemplum

165 2869 291 2928 quoque
302 2853 335 2913 P.
349 2852 452 2914 Crassi
463 2853 610 2926 Muciani,
624 2853 697 2913 clari
712 2869 747 2913 ac
759 2852 865 2914 incluti
877 2853 943 2926 uiri,
956 2853 1207 2931 apposuerimus.

123 2937 191 2999 tols
205 2938 368 2997 Crassusa
386 2936 617 3014 Sempronio
635 2937 845 2999 Asellione
869 2946 900 2998 et
911 2938 1070 3015 plerisque
1085 2938 1157 3000 aliis
1172 2935 1207 3016 hit

165 3021 281 3082 storiae
298 3022 457 3082 Romanae
468 3021 673 3100 scriptoribus
691 3023 823 3084 traditur
840 3023 987 3084 habuisse
1006 3023 1147 3100 quinque
1167 3033 1207 3104 ret

163 3123 232 3166 rum
245 3107 397 3167 bonarum
409 3107 542 3168 maxima
553 3115 584 3167 et
599 3106 782 3183 praecipua:
802 3109 887 3184 quod
900 3114 986 3169 esset
998 3105 1207 3182 ‘ditissimus’l

165 3191 251 3266 quod
264 3189 511 3265 mobilissimos,
521 3192 606 3269 quod
620 3192 931 3268 ‘eloquentissimum
945 3193 1031 3267 quod
1044 3191 1202 3253 ‘iuriscon

123 3284 152 3336 ll
166 3275 377 3349 sultissimus'‚
392 3277 477 3352 quod
490 3275 641 3354 ‘pontifex
652 3276 829 3340 maximus'.
874 3279 905 3338 ls
918 3293 988 3338 cum
999 3275 1029 3337 in
1043 3277 1195 3338 consulat

164 3360 319 3436 optineret
329 3358 436 3420 Asiam
453 3360 645 3438 prouinciam
658 3368 689 3421 et
708 3361 936 3423 circumsedere
959 3377 1196 3438 oppugnarequ

161 3444 281 3504 Leucas
303 3452 428 3520 pararet
449 3462 593 3522 opusque
617 3452 702 3506 esset
725 3445 813 3506 firma
835 3451 930 3520 atque
951 3461 1084 3522 procera
1106 3445 1206 3506 trabe

206 3527 214 3550 ²
233 3527 359 3589 arietem
378 3530 502 3602 taceret,
519 3546 581 3604 quo
594 3545 700 3589 muros
714 3529 780 3590 eius
795 3527 901 3606 oppidi
914 3535 1064 3605 quateret,
1080 3525 1206 3606 scripsi
