2490 3926
157 239 195 303 12
481 238 592 297 INDEX
620 238 886 296 CAPITVLORVM.

156 411 268 483 tiarum;
293 411 439 484 iurgiaque
455 411 484 465 in
507 414 605 466 senatu
627 407 657 464 C.
678 407 807 464 Caesaris
825 409 949 464 consulis
970 413 997 462 et
1016 407 1055 462 M.
1075 404 1199 474 Catonis,

157 496 232 552 diem
243 495 362 553 dicendo
376 494 534 551 calmontis.

238 580 286 635 XI.
307 581 385 649 Quae
400 580 546 651 qualiaque
559 579 628 644 sint,
641 593 712 648 quae
725 577 912 633 Aristoxenus
926 578 1007 649 quasi
1018 577 1110 650 magis
1123 593 1202 632 com·

154 671 234 738 perta
245 663 279 719 de
290 664 452 738 Pythagora
463 663 614 718 memoriae
626 661 784 730 mandauit;
807 668 833 717 et
855 678 926 734 quae
947 663 1012 717 item
1032 661 1204 717 Plutarchus.

155 751 183 804 in
196 747 316 805 eundern
326 747 441 804 modum
455 747 489 802 de
501 746 602 802 codem
613 745 773 819 Pythagora
786 748 939 818 scripserit.

237 833 297 888 XII.
318 833 406 888 Notae
418 837 445 887 et
456 831 716 888 animaduersiones
728 833 873 887 censoriae
892 833 920 886 in
942 831 1082 890 ueteribus
1101 846 1203 885 monu-

154 919 254 972 mentis
266 921 409 988 repertae,
430 916 564 971 memoria
582 915 695 987 dignae.

237 999 309 1056 XIII.
329 999 411 1068 Quod
420 1000 593 1055 incentiones
606 998 743 1071 quaedam
754 1001 897 1067 tibiarum,
911 1006 989 1055 certo
1002 998 1086 1054 modo
1098 1000 1204 1068 iactae,

155 1083 288 1140 ischiacis
299 1083 406 1140 mederi
417 1088 546 1156 possunt.

238 1167 321 1226 XIIII.
343 1169 475 1224 Narratur
486 1167 604 1224 historia
616 1166 652 1222 de
665 1167 781 1223 Hostilio
793 1167 923 1224 Mancino
936 1167 1020 1224 aedili
1040 1173 1068 1223 et
1085 1167 1206 1223 Manilia

155 1253 317 1321 meretrice;
335 1255 477 1323 uerbaque
496 1251 599 1307 decreti
617 1253 803 1320 tribunorum,
824 1251 861 1308 ad
878 1269 949 1324 quos
969 1268 986 1307 a
1001 1252 1117 1308 Manilia
1137 1268 1208 1324 pro·

156 1342 284 1392 uocatum
296 1342 349 1392 est.
1064 1327 1067 1332 ’

237 1419 301 1475 XV.
321 1419 445 1476 Defensa
457 1436 473 1475 a
485 1421 568 1491 culpa
579 1422 715 1478 sententia
727 1437 762 1476 ex
771 1421 889 1477 historia
901 1419 1040 1490 Sallustii,
1053 1436 1139 1493 quam
1152 1422 1209 1475 ini·

157 1505 203 1574 qui
215 1505 275 1559 eius
289 1521 352 1562 cum
362 1505 545 1560 insectatione
557 1504 672 1577 maligni
683 1504 924 1577 reprehenderint.

239 1587 313 1644 XVI.
334 1587 375 1644 De
387 1589 533 1644 uocabulis
552 1588 720 1660 quibusdam
739 1585 763 1646 a'
774 1589 902 1646 Varrone
925 1597 952 1646 et
967 1589 1081 1662 Nigidio
1105 1595 1209 1645 eontra

157 1671 288 1727 cotidiani
301 1673 439 1728 sermonis
450 1671 681 1728 consuetudinem
698 1673 859 1745 declinatis;
878 1680 959 1746 etque
978 1671 1044 1731 Inibi
1062 1673 1092 1730 id
1110 1691 1210 1748 genus

157 1755 295 1826 quaedam
307 1773 369 1813 cum
380 1757 516 1829 exemplis
529 1762 654 1813 ueterum
666 1758 762 1814 relata.

238 1839 325 1896 XVII.
347 1840 387 1896 De
400 1846 500 1896 natura
517 1841 692 1913 quarundam
703 1842 918 1914 particularum,
937 1857 1009 1914 quae
1019 1845 1208 1916 praepositae

156 1925 250 1980 uerbis
262 1924 368 1980 intendi
381 1931 463 1997 atque
474 1924 592 1996 produci
609 1927 727 1982 barbare
744 1932 772 1982 et
788 1927 886 1982 inscite
900 1925 1043 1996 uidentur,
1063 1930 1214 2000 exemplis-

156 2009 366 2081 rationibusque
376 2011 513 2082 plusculis
526 2009 722 2082 disceptatum.

238 2093 339 2148 XVIII.
358 2093 399 2147 lie
418 2095 450 2148 P.
462 2093 595 2149 Africano
616 2097 761 2166 superiore
782 2101 891 2168 sumpta
910 2095 1049 2167 quaedam
1061 2113 1097 2152 ex
1117 2113 1211 2152 anna-

156 2177 243 2244 libus,
261 2183 415 2233 memoratu
427 2175 603 2250 dignIssima.

239 2275 351 2331 XVIIII.
375 2275 447 2344 Quid
457 2276 495 2331 M.
507 2263 598 2332 Varro
610 2278 639 2332 in
649 2279 810 2351 logistorico
823 2279 967 2351 scripserit
977 2278 1013 2334 de
1025 2278 1214 2335 moderando

155 2361 231 2415 uictu
241 2375 393 2431 puerorum
404 2361 557 2431 inpubium.

238 2461 301 2517 XX.
322 2463 415 2519 Notati
427 2479 444 2518 a
455 2466 635 2534 censoribuS‚
654 2466 716 2536 qui,
734 2463 910 2520 audientibus
924 2465 974 2532 iis,
992 2462 1124 2520 dixerant
1142 2467 1217 2521 ioca

156 2546 294 2617 quaedam
306 2549 550 2618 intempestiuiter3
573 2564 605 2606 ac
618 2549 652 2604 de
667 2549 727 2605 eius
739 2565 849 2620 quoque
861 2554 926 2604 nota
938 2549 1144 2619 deliberatum,
1160 2551 1218 2620 qui

156 2637 269 2687 steterat
279 2633 349 2688 sorte
363 2630 439 2704 apud
451 2649 501 2688 eos
513 2633 725 2690 oscitabundus.

428 2781 754 2844 onerariarum
786 2781 927 2856 ovmrr.

237 2902 259 2956 I.
289 2903 371 2971 Quod
393 2905 540 2962 Musonius
558 2905 744 2978 philosophus
770 2903 952 2975 reprehendit
974 2905 1221 2976 inprobauitque,

154 2982 264 3080 laudari
275 2987 481 3084 philosophum
499 2989 683 3046 disserentem
703 3005 720 3044 a
738 2989 957 3045 uociferantibus
971 2995 998 3044 et
1010 2990 1039 3044 in
1056 2985 1221 3045 laudando

154 3073 378 3231 geStleIXllghsper
389 3174 461 3230 equo
469 3157 625 3214 Alexandri
636 3158 722 3230 regis,
735 3158 781 3229 qui
789 3156 965 3230 Bucephalas
975 3158 1137 3229 appellatus
1152 3167 1225 3216 est.

238 3257 284 3312 III.
307 3258 385 3326 Quae
397 3274 485 3314 causa
496 3256 627 3329 quodque
638 3258 746 3313 inillam
758 3259 846 3314 luisse
860 3255 968 3313 dleatur
978 3257 1156 3332 Protagorae
1170 3263 1224 3318 ad

152 3341 350 3414 philosophiae
362 3343 456 3398 literas
471 3341 606 3398 adeundi.

237 3440 294 3495 IIII.
315 3440 355 3494 De
368 3442 454 3496 uerbo
472 3440 528 3497 duo
548 3448 575 3496 et
595 3443 745 3511 uicesimo,
768 3441 844 3513 quod
864 3443 948 3514 uulgo
960 3443 1138 3518 incognitum
1151 3455 1225 3520 est,

153 3539 170 3577 a
183 3524 250 3579 uiris
264 3523 354 3579 doctis
367 3525 545 3581 multifariam
562 3527 590 3580 in
603 3527 679 3583 libris
692 3527 825 3598 scripturn
839 3532 890 3580 est.
