2456 3918
525 807 570 900 A.
604 807 826 904 duilli

153 1045 395 1164 lillllll
425 1043 738 1162 llllllltlltl
773 1045 932 1162 llltlllt
957 1042 1198 1160 lllllll.

586 1286 752 1298 Μ

664 1423 690 1494 l.

158 1583 321 1652 Quaesitum
344 1588 427 1654 atque
449 1588 610 1650 tractatum,
635 1597 719 1654 quam
742 1581 777 1635 ob
800 1593 916 1634 eausam
934 1575 1085 1635 Sallustius
1106 1581 1199 1632 auari-

199 1669 265 1724 tiam
288 1667 389 1722 dixerit
413 1683 469 1721 non
492 1668 615 1723 animum
633 1664 718 1720 modo
736 1663 862 1732 uirilem,
887 1662 939 1719 sad
957 1679 1060 1734 corpus
1085 1677 1199 1732 quoque

199 1753 293 1824 ipsum
305 1750 482 1807 effeminare.

128 1979 144 2030 1
240 1933 354 2028 Hieme
370 1966 430 2027 iam
448 1967 620 2028 decedente
638 1964 722 2040 apud
740 1963 868 2036 balneas
887 1959 980 2022 Titias
997 1959 1028 2020 in
1046 1974 1125 2019 area
1145 1961 1201 2021 sub

158 2051 258 2112 calido
273 2053 341 2112 sole
355 2067 424 2111 cum
436 2050 632 2112 Fauorino
644 2047 831 2125 philosopho
845 2045 1089 2116 ambulabamus
1103 2050 1201 2120 atque

156 2136 199 2196 ibi
211 2135 291 2194 inter
303 2134 522 2194 ambulandum
533 2134 693 2210 legebatur
706 2129 872 2193 Catilina
884 2125 1081 2200 Sallustii,
1095 2145 1201 2204 quem,

128 2231 145 2283 2
158 2219 189 2278 in
202 2235 295 2278 manu
307 2217 396 2278 amici
409 2224 627 2293 conspectum,
640 2215 700 2292 legi
710 2215 854 2277 iusserat.
890 2214 1028 2288 Cumque
1038 2212 1122 2272 haee
1135 2230 1203 2274 uer-

157 2305 198 2362 ba
222 2318 262 2362 ex
283 2318 321 2363 eo
345 2300 423 2364 libro
446 2303 526 2362 lecta
548 2307 668 2363 essent:
704 2297 882 2360 Auaritia
902 2295 1097 2374 pecuniae
1123 2306 1203 2360 stu-

158 2386 261 2448 dium
283 2386 413 2459 habet,
438 2401 679 2462 quemnemo
705 2383 863 2459 sapiens
888 2380 1137 2456 concupiuit;
1162 2399 1204 2442 an

159 2469 272 2546 quasi
294 2469 462 2531 uenenis
485 2469 595 2531 malis
616 2469 761 2529 imbuta
783 2483 929 2543 corpus
952 2466 1204 2543 animumque

157 2554 313 2615 uirilem
336 2553 555 2628 effeminat,
580 2569 735 2629 semper
757 2549 914 2612 infinita
936 2557 971 2611 et
993 2550 1206 2613 insatiabi-

128 2639 207 2704 alis
230 2644 305 2716 est,
328 2655 456 2713 neque
478 2637 593 2714 copia
614 2652 739 2713 neque
756 2635 888 2711 inopia
911 2634 1113 2710 minuitur,
1136 2645 1205 2696 turn

158 2723 373 2785 Fauorinus
392 2740 441 2784 me
460 2721 617 2798 aspiciens
630 2726 639 2757 ³
650 2724 742 2796 quo’,
755 2719 869 2796 inquit,
890 2726 899 2756 ²
908 2727 1001 2796 pacto
1016 2736 1137 2798 corpus
1150 2723 1207 2782 ho-

159 2807 248 2869 minis
268 2806 397 2871 auaritia
415 2805 592 2869 effeminat?
616 2805 690 2882 quid
703 2805 783 2866 enim
794 2803 875 2866 istuc
887 2804 941 2878 sit,
959 2805 1045 2881 quod
1063 2805 1204 2868 animum

157 2892 277 2952 uirilem
290 2895 328 2953 ab
341 2909 378 2954 ea
390 2890 561 2954 effeminari
574 2890 658 2964 dixit,
670 2889 782 2953 uideor
794 2891 889 2950 terme
901 2888 1037 2965 assequi,
1046 2891 1116 2965 sed,
1126 2909 1206 2967 quo·

159 2993 230 3036 nam
242 2977 337 3038 modo
350 2993 465 3053 corpus
478 2993 605 3053 quoque
624 2973 757 3037 hominis
771 2974 940 3048 effeminet,
958 2974 1101 3036 nondum
1113 2993 1206 3052 repe·

130 3059 204 3126 ario
213 3065 235 3119 ⁹.
270 3061 327 3120 ‘Et
337 3077 396 3136 ego
405 3065 429 3135 ’,
442 3061 581 3137 inquam,
595 3061 705 3136 ‘longe
716 3057 830 3121 iamdiu
841 3057 872 3120 in
885 3075 922 3120 eo
935 3057 1005 3136 ipse
1017 3061 1206 3135 quaerendo

159 3144 202 3206 lui
214 3161 264 3217 ac,
283 3143 343 3206 nisi
353 3151 387 3205 tu
400 3161 606 3222 occupasses,
620 3146 701 3206 ultro
713 3151 744 3206 te
754 3144 816 3205 hoc
827 3148 1018 3220 rogassem’.

133 3241 150 3294 5
224 3229 287 3291 Vix
303 3245 362 3306 ego
379 3230 457 3291 haec
474 3230 612 3292 dixeram
629 3228 878 3302 cunctabundus,
902 3235 995 3304 atque
1017 3227 1092 3290 inibi
1117 3229 1207 3306 quis-

159 3314 242 3390 piam
255 3315 295 3375 de
306 3313 513 3378 sectatoribus
526 3313 722 3388 Fauorini,
735 3311 787 3389 qui
798 3313 962 3374 uidebatur
973 3329 1045 3375 esse
1058 3313 1089 3375 in
1102 3311 1209 3377 literis

104 3439 106 3442 ψ
160 3405 332 3470 ueterator,
353 3397 600 3473 ‘Valerium',
618 3397 731 3475 inquit,
750 3398 930 3461 ‘Probum
948 3397 1147 3459 audiuihaee
1162 3401 1210 3460 di-

55 3528 59 3534 .
162 3497 248 3544 cere:
261 3499 353 3544 usum
365 3499 437 3544 esse
449 3481 679 3544 Sallustium
692 3481 964 3544 circumlocutione
977 3483 1111 3558 quadam
1122 3501 1212 3560 poe·
