2490 3926
456 215 669 276 PRAEFATIO.
1055 214 1074 278 ³

51 380 123 456 quasi
135 387 186 442 aut
198 379 323 456 cognitu
334 398 397 442 nou
409 379 493 442 utilia
503 388 556 444 aut
566 389 717 459 perceptu
729 383 874 444 diflicilia.
909 385 976 446 Non
994 384 1075 445 enim

49 465 160 526 lecimus
172 467 253 526 altos
264 465 354 526 nimis
368 472 398 526 et
410 467 564 528 obscuros
577 467 608 528 in
621 467 669 528 his
688 469 783 530 rebus
801 469 1017 544 quaestionum
1036 469 1075 530 si-

48 569 111 624 nus,
133 552 188 611 sed
204 550 354 626 primitias
373 553 523 627 quasdam
542 560 572 613 et
585 553 674 628 quasi
695 553 861 616 libamenta
871 553 1074 629 ingenuarum

47 637 140 696 artium
151 635 305 709 dedimus
319 652 399 712 quae
410 636 511 698 uirum
524 636 654 697 ciuiliter
666 638 820 699 eruditum
833 654 935 713 neque
947 639 1074 700 audisse

46 737 173 796 unquam
185 737 289 797 neque
301 719 454 796 attigisse,
479 721 506 782 si
517 738 580 783 non
594 721 740 797 [intucta
763 723 838 784 haut
851 722 976 798 quidem
990 730 1073 783 certe

45 805 235 878 (inldecorum
249 811 306 868 est.
330 805 380 866 Ab
392 805 439 867 his
451 806 552 882 igitur,
561 806 587 868 si
600 806 649 867 cui
661 809 740 868 lorte
752 823 986 883 nonnumquam
997 814 1071 868 tem·
1083 815 1117 868 14

44 909 90 966 pus
102 892 309 968 uoluptasque
321 889 379 949 erit
390 891 671 952 lucubratiunculas
682 891 759 953 istas
773 908 968 968 cognoscere
974 913 984 965 ·,
997 889 1073 968 peti-

44 984 94 1036 tum
118 976 377 1052 impetratumque
399 977 557 1050 uolumuS,
580 983 614 1037 ut
635 975 665 1036 in
689 977 837 1051 legenda,
862 993 941 1053 quae
952 975 1072 1053 pridem

44 1059 166 1134 scierint,
190 1077 256 1122 non
269 1055 476 1136 aspernentur
488 1059 577 1136 quasi
590 1067 664 1122 nota
677 1059 907 1138 inuulgataque.
942 1063 1018 1122 Nam
1041 1067 1071 1121 et
1083 1071 1114 1124 15

44 1146 102 1219 quid
112 1153 172 1206 tam
184 1151 342 1206 remotum
355 1143 384 1205 in
398 1145 493 1206 literis
505 1152 567 1218 est,
593 1143 666 1221 quin
689 1143 720 1205 id
742 1153 846 1206 tamen
868 1145 1072 1223 complusculi

43 1230 141 1291 sciant?
152 1237 183 1290 et
195 1228 274 1291 satis
287 1230 347 1291 hoc
359 1230 641 1304 blandumest,non
654 1246 726 1291 esse
735 1232 813 1292 haec
823 1247 926 1306 neque
939 1231 970 1291 in
983 1230 1072 1292 scho-

43 1315 70 1374 lis
86 1317 246 1376 decantata
262 1331 365 1391 neque
380 1315 411 1375 in
430 1313 659 1376 commentariis
682 1315 822 1391 protrita.
868 1316 952 1392 Quae
976 1331 1069 1392 porro
1083 1326 1115 1381 16

42 1417 109 1460 noua
120 1400 175 1460 sibi
186 1400 361 1476 ignotaque
374 1399 575 1474 offenderint,
599 1408 923 1477 aequumesscputo,
947 1406 981 1460 ut
1004 1399 1071 1460 sinc

42 1502 107 1546 uano
120 1485 296 1547 obtrectatu
309 1484 524 1559 considerent,
547 1501 586 1545 an
604 1483 740 1546 minutae
752 1484 831 1546 istae
843 1483 1070 1547 admonitiones

43 1576 84 1642 alt]
99 1569 286 1646 pauxillulae
308 1586 506 1646 nequaquam
522 1575 625 1630 tamen
644 1568 706 1630 sint
721 1570 772 1629 uel
789 1570 829 1629 ad
846 1571 990 1630 alendum
1009 1576 1072 1629 stu·

43 1654 108 1715 dium
121 1672 236 1717 aescae
247 1655 299 1715 uel
311 1655 581 1716 adoblectandum
594 1655 827 1729 fouendumque
839 1653 973 1715 animum
990 1651 1071 1728 frigi-

43 1740 99 1814 dae,
120 1741 176 1802 sed
195 1741 266 1802 eius
280 1738 407 1800 seminis
420 1738 608 1815 generisque
620 1738 695 1812 sint,
720 1755 760 1799 ex
785 1757 846 1815 quo
868 1738 1072 1800 lacileadole-

43 1820 1071 1902 scantautingeniahominumuegetioraautmemoriaadminicula-

42 1909 87 1970 tior
101 1917 151 1973 aut
168 1909 272 1972 oratio
290 1908 448 1970 sollertior
464 1916 516 1970 aut
528 1926 630 1970 sermo
651 1907 859 1984 incorruptior
875 1915 928 1968 aut
940 1908 1071 1967 delecta-

42 1994 110 2069 iou)
127 1996 157 2057 in
182 1995 249 2057 otio
268 2000 362 2070 atque
379 1993 410 2054 in
429 1995 503 2055 ludo
516 1993 682 2054 liberalior.
730 1993 814 2069 Quae
836 1999 939 2053 autem
960 2005 1113 2067 parum17

42 2081 115 2152 plana
136 2081 330 2142 uidebuntur
352 2085 406 2139 aut
427 2079 528 2140 minus
550 2080 644 2155 plena
669 2077 898 2153 instructaque,
926 2074 1070 2153 petimus,

42 2163 159 2241 inquam,
182 2175 221 2226 ut
239 2180 351 2225 eanon
374 2164 508 2225 docendi
531 2163 645 2239 magle,
671 2180 762 2240 quam
775 2158 1072 2236 admonendigratia

42 2248 138 2326 scripta
149 2249 333 2312 existiment
345 2254 391 2322 et,
407 2249 495 2324 quasi
508 2248 773 2310 demonstratione
784 2246 986 2323 uestigiorum
1000 2261 1071 2304 con-

43 2335 111 2407 tenti,
133 2347 368 2412 persequantur
380 2350 418 2394 ea
429 2341 517 2410 post,
539 2332 566 2394 si
578 2331 697 2406 libebit,
716 2334 768 2393 uel
781 2331 865 2393 libris
877 2329 1008 2407 repertis
1022 2329 1072 2388 uel

42 2419 188 2494 magistris.
238 2420 323 2494 Quae
335 2434 412 2480 uero
425 2417 602 2495 putauerint
613 2418 885 2494 reprehendenda,
904 2415 966 2488 his,
981 2414 1007 2474 si
1019 2429 1070 2472 au·
1082 2423 1115 2477 18

43 2503 149 2580 debunt,
158 2505 382 2577 subcenseant‚
395 2504 478 2564 unde
490 2520 527 2564 ea
539 2519 597 2564 nos
609 2501 804 2578 accepimus;
819 2503 876 2563 sed
888 2499 979 2572 enim,
993 2513 1072 2574 quae

43 2586 113 2649 aliter
124 2591 210 2668 apud
224 2587 318 2648 alium
330 2587 447 2663 scripta
458 2587 601 2662 legerint,
626 2603 665 2646 ne
678 2586 738 2647 iam
751 2585 853 2647 statim
865 2592 1007 2661 tempore
1020 2582 1072 2644 ob·

44 2679 180 2749 strepant,
195 2675 254 2735 sed
268 2679 299 2734 et
310 2671 448 2734 rationes
460 2689 564 2733 rerum
576 2678 607 2731 et
618 2670 818 2732 auctoritates
829 2669 987 2731 hominum
1000 2683 1073 2743 pcn-

45 2755 132 2832 silent,
155 2776 238 2836 quos
252 2756 294 2818 illi
308 2774 450 2833 quosque
463 2774 521 2818 nos
534 2756 633 2817 secuti
645 2773 764 2817 sumus.

92 2843 153 2904 Erit
165 2849 270 2905 autem
282 2840 314 2902 id
333 2843 426 2918 longe
444 2840 609 2919 optimum,
627 2848 662 2902 ut
678 2840 731 2917 qui
748 2840 778 2900 in
790 2837 974 2911 lectitando,
999 2835 1071 2897 scri·
1082 2834 1116 2888 19

44 2923 148 3004 leudo,
161 2927 413 3001 commentando,
426 2942 594 3003 numquam
605 2927 794 3002 uoluptates
808 2940 977 3000 numquam
990 2922 1073 2984 labo-

46 3020 260 3091 resceperunt,
284 3013 383 3073 nullas
396 3013 457 3072 hoc
469 3028 568 3088 genus
580 3010 700 3086 uigilias
714 3009 880 3086 uigilarunt
891 3024 993 3084 neque
1003 3005 1073 3067 ullis

46 3092 111 3157 inter
122 3099 262 3161 eiusdem
274 3098 383 3160 Musae
396 3099 536 3157 aemulos
550 3095 771 3160 certationibus
784 3091 1075 3170 disceptationibus-

49 3195 96 3251 que
117 3183 227 3245 elimati
245 3189 333 3255 sunt,
358 3181 415 3242 sed
438 3179 690 3257 intemperiarum
711 3179 970 3256 negotiorumque
991 3173 1076 3253 pleni

48 3273 121 3340 sunt,
134 3268 245 3330 abeant
255 3267 487 3345 percontanda,
506 3265 688 3339 scribendo,
708 3282 726 3325 a
742 3263 921 3325 noctibus
943 3259 991 3322 his
1004 3277 1075 3337 pro-

51 3351 192 3429 culatque
203 3354 263 3416 alia
274 3351 333 3414 sibi
345 3352 736 3426 oblectamentaquaerant.
753 3345 1073 3422 Vetusadagiumcst:

50 3429 1074 3513 nihilcumlidibusgraculo,nihileumamaracinosui.

52 3517 141 3593 Atque
163 3522 265 3598 etiam,
289 3539 351 3600 quo
372 3521 412 3583 sit
431 3519 626 3597 quorundam
643 3519 722 3580 male
742 3515 1118 3660 doctoruinsshominum‘ro
