2456 3918
444 215 467 274 l.
496 231 552 276 x11.
575 231 642 276 x111.
1021 215 1063 280 55

88 381 193 460 ‘Capi’
207 390 311 445 autern
323 383 411 460 uirgo
425 389 593 461 propterea
604 383 664 444 diei
674 385 806 458 uidetur,
820 385 892 461 quio
901 384 1060 462 pontificis
1073 395 1106 452 13

34 467 145 528 maximi
157 485 250 529 manu
262 485 378 546 prensa
390 469 428 528 ab
442 484 479 530 3ο
491 474 637 545 parente,
661 468 691 530 in
715 470 803 530 cuius
824 476 981 547 potestate
1004 479 1062 546 est,

33 552 117 612 ueluti
136 553 217 614 bello
241 559 333 630 capta
354 552 525 614 abducitur.
580 554 622 614 13
658 553 758 616 111333
798 553 920 632 primo
955 555 1106 622 labiim

30 636 204 711 Pictoris,
219 655 299 714 quae
317 639 413 700 uerba
423 637 602 714 pontificem
613 639 779 699 maximum
791 639 896 700 dicere
909 645 1061 715 oporteat,

32 739 92 782 curn
105 721 255 798 uirginem
275 723 390 799 capiat,
413 722 562 800 scripturn
586 729 643 784 est.
687 725 733 784 Ea
754 724 852 784 uerba
874 723 951 784 haec
974 729 1061 785 sunt:

31 807 283 868 Sacerdotem
303 810 521 881 Vestalem,
553 825 648 883 quae
670 823 785 870 sacra
807 807 943 881 faciat,
967 824 1063 884 quae

29 893 80 952 133
107 891 183 952 3131
211 895 464 956 sacerdotem
491 895 694 954 Vestalem
731 894 864 954 lacere
896 909 965 968 pro
996 909 1063 969 po·

28 979 109 1052 pulo
130 979 303 1040 Romano
327 979 561 1056 Quiritibus,
590 978 645 1038 uti
670 994 772 1055 quae
801 976 949 1053 optima
971 978 1064 1053 lege

30 1063 105 1135 luit,
128 1061 185 1122 ita
205 1069 258 1139 te,
281 1067 432 1138 Amata,
452 1063 576 1140 capio.

81 1148 223 1224 Plerique
242 1155 344 1210 autem
358 1150 451 1225 ‘capi'
464 1148 615 1224 uirginem
625 1153 725 1212 solam
737 1149 852 1210 debere
865 1148 925 1211 dici
939 1155 1058 1226 putant.
1073 1159 1105 1212 15

30 1234 84 1294 Sed
96 1233 238 1293 flamines
250 1251 377 1310 quoque
387 1233 502 1308 Diales,
514 1233 588 1295 item
598 1236 764 1311 pontifices
777 1241 808 1296 et
819 1250 955 1310 augures
968 1232 1061 1310 ‘capi’

29 1319 209 1380 dicebantur.
253 1318 287 1380 L
322 1317 433 1382 Sulla
465 1325 591 1381 reinm
624 1328 827 1418 gestarum
859 1319 961 1380 libro
996 1334 1063 1380 se·
1052 1325 1105 1380 -16

30 1405 142 1468 cundo
165 1405 372 1488 descripsit
406 1408 439 1470 P.
465 1407 695 1482 0333311333,
719 1405 1063 1483 ouiprimumco-

28 1509 180 1567 gnomen
216 1493 349 1556 Sullae
379 1493 602 1572 impositum
635 1499 713 1567 est,
760 1493 903 1554 flamen
936 1487 1062 1550 Ilialis

30 1587 166 1655 33331333.
223 1581 263 1640 M.
300 1581 391 1642 Cato
426 1581 472 1642 de
503 1578 728 1654 Lusitanis,
772 1593 853 1638 curn
887 1573 1106 1640 Seruiumll

29 1665 175 1724 Galbam
202 1664 429 1726 accusauit:
461 1667 602 1729 Tamen
625 1664 762 1728 dicunt
783 1663 959 1727 delicere
987 1683 1062 1727 uo·

28 1747 152 1810 luisse.
175 1751 254 1826 Ego
273 1767 328 1812 me
345 1769 444 1814 nunc
462 1753 553 1814 uolo
571 1748 899 1830 iuspontilieium
918 1751 1063 1828 optime

29 1833 141 1907 scire;
164 1833 289 1896 iamne
312 1853 355 1897 33
378 1853 497 1898 causa
519 1838 698 1913 pontilex
722 1837 883 1915 capiar?
916 1835 948 1897 si
970 1836 1061 1896 uolo

29 1917 222 1994 augurium
240 1921 384 1997 optime
400 1927 550 1995 tenere,
575 1921 712 2000 eequis
731 1939 785 1982 me
804 1922 849 1983 ob
868 1925 1061 1992 meanr[...]

28 2019 199 2077 augurem
221 2005 377 2082 capiat?

81 2088 243 2152 Praeterea
265 2091 305 2151 in
330 2089 623 2153 commentariis
646 2091 860 2165 Labeonis,
886 2105 983 2166 quae
1008 2087 1105 2148 33118

30 2174 223 2237 duodecim
256 2176 414 2238 tabulas
448 2175 690 2253 composuit,
736 2176 780 2237 ita
813 2175 964 2252 scriptum
998 2179 1060 2234 est:

28 2258 135 2334 Virgo
170 2261 348 2322 Vestalis
382 2277 508 2337 neque
540 2261 654 2322 heres
688 2268 749 2322 est
783 2260 964 2336 cuiquam
998 2257 1062 2318 in-

29 2349 138 2405 testat
125 2352 185 2420 to,
220 2361 347 2422 neque
371 2345 520 2407 intesta
502 2353 588 2406 atae
613 2345 836 2422 quisquam,
871 2345 940 2406 sed
962 2343 1063 2403 bona

30 2427 100 2489 eins
134 2431 175 2490 in
208 2429 406 2508 publIcum
425 2429 560 2506 redigi
589 2429 706 2490 aiunt.
762 2429 796 2490 ld
821 2445 883 2505 quo
906 2428 973 2488 iure
998 2425 1060 2499 liat,

30 2514 183 2584 quaeritur.

82 2599 323 2660 εΑ33313’13133
345 2598 529 2676 capiendum
552 2616 570 2658 a
591 2597 739 2676 pontifice
763 2597 896 2658 maximo
925 2595 1103 2672 appella-19

30 2685 81 2821 ἔῃ
104 2683 266 2759 quoniam,
291 2699 370 2760 quae
385 2683 485 2760 prima
504 2689 667 2760 captaest‚
692 2683 752 2754 boe
765 2681 862 2743 luisse
874 2684 1060 2742 333333133-

55 2771 111 2826 1333
135 2775 194 2829 est.

500 2919 578 2980 XIII.

32 3035 183 3102 Quaesitum
194 3057 259 3098 esse
272 3043 300 3097 in
311 3041 507 3115 philosophia,
531 3043 664 3114 quidnam
677 3045 749 3100 soret
761 3043 789 3098 in
801 3048 915 3114 recepto
927 3041 1061 3098 mandato

63 3127 177 3195 recline,
201 3125 267 3182 idne
279 3127 392 3183 omnino
405 3127 514 3195 133333,
539 3127 615 3199 quod
627 3129 790 3185 mandatum
801 3133 858 3195 331,
879 3143 915 3182 33
927 3141 1062 3181 nonnum-

65 3225 145 3278 quam
158 3212 242 3268 etiam
255 3218 366 3280 eontra,
391 3212 414 3267 si
426 3211 455 3268 id
467 3227 565 3283 speres
579 3215 621 3280 ei,
640 3213 686 3283 qui
698 3210 859 3278 mandauit,
878 3212 973 3266 utilius
986 3210 1061 3276 lore3

67 3309 202 3366 superque
215 3311 250 3351 33
262 3297 426 3367 quaestione
439 3298 585 3367 expositae
598 3297 729 3352 diuersae
743 3297 908 3351 sententiae.

86 3441 119 3500 13
133 3443 241 3504 officiis
255 3443 423 3522 capiendis,
438 3442 862 3518 censend1srud1candrsque
876 3446 979 3518 quae
991 3461 1063 3502 κα·
1079 3451 1092 3502 1

35 3513 231 3600 θήκοντα’
242 3528 420 3606 philosophi
432 3530 602 3606 appellen
627 3545 733 3604 33333
724 3527 913 3600 3313133
932 3524 1058 3600 negotio
